2910 4928
692 403 910 463 ..50-

234 567 341 634 dicere
361 569 469 652 potuit
485 569 625 634 Avienus
641 574 771 634 taurum
792 569 832 635 de
854 569 1009 653 spelunca
1031 570 1072 636 ab
1086 571 1178 636 hirco
1198 573 1373 656 depulsum

235 682 343 745 animo
365 681 399 746 id
422 679 602 761 volutasse,
623 682 772 746 utillum
794 683 827 746 in
849 683 900 746 ius
923 689 1056 748 vocaret
1077 684 1232 768 litemque
1254 686 1374 751 iudici·

233 792 295 857 bus
319 790 560 857 diiudicandum
580 798 794 877 proponeret,
816 795 1009 877 praesertim
1033 816 1106 859 cum
1127 796 1243 861 timore
1267 796 1375 877 illum,

233 925 274 968 ne
298 904 332 969 id
354 903 495 982 faceret,
521 904 723 987 prohibitum
745 925 815 970 esse
836 910 949 988 aperte
974 904 1076 971 addat
1095 909 1217 990 poeta?
1262 908 1374 987 Quid?

141 1097 143 1101 y
233 1016 396 1080 locutione
424 1015 483 1079 illa
509 1035 615 1080 nonne
644 1017 678 1080 id
706 1016 907 1081 declaratum
937 1022 1050 1100 putas,
1080 1018 1168 1100 quod
1200 1019 1311 1083 statim
1337 1021 1373 1085 in

233 1127 292 1191 tali
314 1148 423 1192 rerum
447 1127 635 1192 condicione
657 1127 728 1192 fieri
755 1127 887 1211 potuit?
931 1128 973 1193 Et
995 1128 1073 1211 quid
1096 1133 1174 1194 tune
1195 1130 1302 1212 ipsum
1326 1132 1373 1195 ci-

232 1240 298 1304 tius
320 1239 354 1302 in
374 1244 514 1303 mentem
542 1241 652 1304 venire
674 1244 771 1304 tauro
792 1240 917 1321 potuit,
945 1260 1043 1323 quam
1065 1244 1103 1306 ut
1123 1239 1253 1305 hircum
1271 1242 1372 1308 ulcis·

234 1355 364 1415 ceretur
394 1370 581 1433 poenasque
609 1350 778 1415 confestim
808 1350 850 1416 ab
882 1371 920 1415 eo
951 1357 1116 1434 repeteret
1147 1353 1272 1436 proelio
1296 1375 1372 1418 oum

233 1483 271 1526 eo
293 1460 459 1527 ineundo?
503 1461 586 1527 Nam
608 1469 645 1527 ut
665 1462 776 1529 hircus
790 1483 810 1528 a
825 1468 921 1528 tauro
936 1468 1157 1546 superaretur,
1181 1463 1258 1546 quin
1282 1464 1372 1530 futu·

232 1595 305 1638 rum
326 1573 434 1653 fuerit,
456 1572 545 1638 haud
567 1573 701 1640 dubium
724 1580 781 1641 est.
1247 1562 1250 1567 ’

319 1685 433 1768 Neque
461 1686 772 1768 praetermittendus
811 1693 860 1752 est
898 1686 988 1752 verbi
1019 1687 1250 1770 ‘componendi’
1280 1709 1372 1769 usus,

233 1817 329 1879 quem
349 1797 383 1861 in
405 1796 537 1862 fabulae
560 1797 669 1865 XXIII
690 1819 786 1864 versu
808 1798 853 1863 IV
874 1797 1049 1863 habemus:

335 1908 453 1974 nobilis
474 1907 562 1973 hunc
585 1909 718 1991 quidam
739 1909 869 1975 funesta
891 1911 923 1974 in
949 1910 1025 1975 sede
1048 1911 1188 1994 sepulcri

335 2020 475 2085 mercari
497 2020 630 2104 cupiens
652 2022 890 2106 compositurus
913 2027 999 2103 erat3

234 2152 309 2195 nam
331 2131 407 2196 huic
423 2131 582 2196 vocabulo
605 2152 644 2196 ea
664 2132 713 2197 vis
729 2132 876 2198 subiecta
899 2139 957 2212 est,
979 2137 1017 2198 ut
1039 2132 1125 2197 Idem
1147 2132 1256 2197 valeat
1281 2134 1371 2216 quod

233 2245 439 2308 ‘constituere
462 2243 630 2324 statuam’3
654 2244 710 2326 qui
732 2265 810 2310 usus
833 2244 875 2309 ab
898 2245 1022 2309 Avieno
1042 2249 1180 2309 novatus
1192 2244 1217 2327 ¹)
1242 2248 1291 2308 est
1313 2264 1370 2308 ne-

231 2466 319 2522 ultero
343 2481 451 2535 quoque
468 2467 528 2521 loeo
548 2466 602 2520 duo
622 2465 671 2521 illa
687 2467 820 2523 vocabula
842 2469 915 2523 inter
934 2482 964 2522 se
981 2473 1135 2535 permutata
1152 2483 1170 2521 a
1188 2466 1310 2521 librariis
1329 2468 1369 2520 vi-

234 2553 362 2607 derimus.
406 2553 545 2608 Habemus
569 2553 653 2621 igitur
679 2553 846 2608 locutionem
871 2552 970 2622 ‘iurgia
994 2553 1148 2608 conserere’
1172 2567 1206 2606 ea
1230 2553 1370 2608 sententia

232 2641 408 2706 usurpatam,
436 2644 465 2693 ut
482 2637 553 2691 idem
572 2639 609 2692 eit
627 2638 699 2706 quod
717 2639 812 2693 ‘rixam
825 2640 882 2693 sive
901 2644 1039 2693 certamen
1057 2638 1142 2705 inlre’,
1161 2653 1240 2706 quam
1259 2638 1368 2693 confor-

232 2724 316 2780 mavit
333 2724 454 2778 Avienus
473 2739 505 2778 ex
524 2723 651 2792 analogia
669 2739 761 2778 earum
780 2724 937 2793 dictionum,
956 2740 1024 2793 quas
1042 2738 1125 2791 supra
1145 2722 1295 2778 attulimus.
1377 2776 1380 2781 .

302 2812 327 2881 1)
346 2811 377 2863 In
402 2809 517 2864 eundem
543 2825 683 2865 numerum
708 2809 852 2865 referenda
876 2811 947 2866 forte
971 2811 1021 2866 tibi
1046 2809 1169 2867 videatur
1195 2808 1368 2864 ‘reverentia’

232 2913 287 2951 vox
304 2899 334 2951 in
353 2895 463 2951 fabulae
481 2895 574 2948 XXIII
591 2910 673 2951 versu
690 2897 730 2949 XI
747 2902 871 2951 exstans:

334 2982 445 3038 subdita
462 2997 578 3051 namque
595 2983 647 3038 tibi
665 2983 755 3050 magni
773 2984 928 3038 reverentie
945 2983 1048 3038 Bacchi

334 3068 440 3136 (codd.:
459 3067 524 3136 fati3
542 3068 758 3138 paraphrastes:
776 3069 897 3138 Bacchi),

335 3165 417 3223 atque
435 3154 528 3208 eadem
547 3155 649 3209 retines
667 3154 765 3210 funera
781 3161 877 3210 nostra
894 3171 991 3221 manu3

233 3257 304 3310 quae
321 3257 389 3309 vox,
407 3257 468 3295 eum
487 3240 584 3295 ceteris
599 3241 666 3296 lucIe
684 3241 819 3309 significet
836 3242 936 3313 ‘pudor
953 3257 987 3296 ac
1005 3248 1093 3296 metus
1112 3255 1172 3295 cum
1192 3239 1369 3295 observantia

233 3329 402 3383 coniunctus’
418 3335 446 3382 et
464 3341 660 3396 usquequaque
679 3327 714 3382 ud
735 3328 854 3383 animum
874 3336 1047 3396 mentemque
1065 3327 1216 3396 pertineat,
1234 3325 1367 3382 hocloco

232 3413 401 3469 adorationis
418 3413 461 3468 vel
480 3412 567 3467 cultus
586 3413 749 3470 sententiam
767 3415 868 3483 habet,
896 3430 976 3484 quam
994 3413 1113 3470 eodonis
1131 3413 1366 3467 commutationem

234 3501 363 3568 quoniam
380 3502 408 3553 in
426 3499 522 3553 lexicIs
541 3498 699 3555 adnotatam
717 3517 772 3555 non
785 3501 949 3570 reperimus,
967 3500 1075 3556 infimae
1093 3503 1197 3553 tantum
1210 3498 1367 3553 Latinitatis

233 3600 295 3642 esse
313 3591 403 3654 nutes,
421 3586 588 3654 praesertim
607 3600 667 3640 cum
685 3587 713 3640 in
732 3587 827 3641 codiee
841 3588 1033 3642 Theodosiano
1050 3587 1104 3641 iam
1123 3585 1216 3652 aliqua
1234 3599 1268 3638 ex
1288 3591 1368 3652 parte

232 3673 306 3726 illius
324 3672 398 3727 vocis
416 3670 643 3739 significationem
660 3678 791 3727 mutatam
809 3671 959 3740 videamus,
978 3678 1009 3726 ut
1026 3671 1096 3727 idem
1114 3671 1150 3726 sit
1168 3677 1249 3738 atque
1267 3669 1368 3723 ‘divina

232 3757 394 3814 reverentia’
418 3766 445 3812 et
464 3757 533 3826 ‘ipsa
550 3759 648 3827 religio
668 3757 922 3824 Christiana’(cod.
941 3758 1141 3822 Themetra,
1165 3756 1197 3823 5,
1223 3755 1273 3818 563
1298 3753 1366 3806 ibid.

233 3847 275 3914 12,
294 3847 307 3896 l
327 3844 379 3911 leg.
399 3843 453 3913 49).
489 3844 541 3899 Sed
560 3845 657 3899 eadem
675 3845 749 3900 vocis
768 3843 844 3899 notio
861 3844 915 3897 iam
929 3843 1002 3911 apud
1015 3843 1139 3897 Tacitum
1158 3844 1257 3908 exstat,
1273 3837 1320 3906 qui
1338 3838 1367 3892 in

231 3930 326 3985 histor.
346 3931 363 3984 I.
383 3929 410 3983 II
436 3947 495 3999 cap.
525 3932 559 3984 78
583 3930 669 3998 med,
693 3944 752 3984 cum
776 3929 809 3984 de
835 3936 927 3984 monte
945 3927 1069 3983 Carmelo
1086 3929 1228 3994 narraret,
1255 3925 1368 3995 scripsit

232 4018 314 4070 haec:
341 4024 384 4071 est
402 4016 532 4072 Iudaeam
557 4017 630 4071 inter
649 4016 809 4084 Syriamque
828 4013 979 4068 Carmelus:
1002 4015 1043 4067 ita
1065 4019 1164 4067 vocant
1185 4019 1301 4067 montem
1320 4011 1367 4065 de-

232 4119 339 4171 umque.
359 4118 409 4158 nec
434 4102 608 4157 simulacrum
627 4100 678 4155 deo
703 4107 750 4154 aut
767 4099 895 4168 templum
916 4099 967 4167 (sic
991 4098 1131 4154 tradidere
1149 4098 1293 4172 maiores),
1318 4112 1368 4151 ara

231 4195 337 4244 tantum
358 4193 385 4243 et
396 4189 575 4255 reverentia’3
597 4203 651 4254 quo
668 4186 730 4241 luco
745 4187 804 4241 sine
820 4185 904 4240 dubio
920 4185 993 4242 valet
1011 4187 1082 4241 idem
1096 4178 1275 4254 ‘rever'entia',
1294 4182 1368 4253 quod

232 4276 321 4331 cultus
339 4275 397 4330 sive
415 4289 555 4329 sacrorum
572 4271 716 4328 institutio.
753 4271 790 4326 Ut
816 4277 905 4328 autem
933 4273 1041 4342 longius
1060 4275 1088 4328 in
1114 4273 1167 4327 hoc
1186 4271 1282 4326 Aviani
1304 4270 1366 4324 loco
