2910 4928
708 372 912 441 „15-

245 548 391 612 versibus
414 548 570 630 proximis
600 552 767 611 narratum
794 546 894 612 fuisse
925 548 963 611 de
987 549 1112 613 ratione
1144 571 1209 631 qua
1236 551 1321 614 inter
1344 573 1378 616 se

247 660 330 724 ollae
353 658 506 724 collidere
526 659 700 741 potuerint.

331 770 400 834 Nec
420 771 526 834 minus
548 769 766 833 necessarium
781 774 831 834 est
845 770 906 834 hoo
921 770 1092 850 distichon,
1116 772 1203 853 quod
1220 794 1285 835 una
1305 794 1378 837 oum

247 880 459 946 antecedente
481 880 708 945 Lachmannus
731 880 859 959 delevit,
879 882 1030 945 nimirum
1052 883 1142 947 nisus
1164 903 1203 947 ea
1224 905 1269 962 re,
1291 885 1379 966 quod

244 993 278 1056 in
300 992 412 1058 Babrii
443 991 556 1057 fabula
578 992 716 1056 XXXIV
746 1013 810 1056 non
838 996 905 1056 tarn
931 993 1040 1076 ampla
1069 993 1245 1078 descriptio
1272 1000 1378 1059 exstet

245 1125 342 1186 quarn
364 1105 397 1167 in
420 1105 535 1168 Ariani
557 1102 679 1181 fabula,
701 1104 734 1167 in
757 1125 822 1185 qua
843 1103 995 1187 leguntur
1017 1105 1115 1169 haec:

350 1221 389 1280 18
403 1235 489 1297 sqq.:
513 1215 588 1280 dum
602 1222 707 1279 metus
719 1214 863 1279 oblatam
882 1214 1035 1298 prohibet
1046 1221 1206 1299 temptare
1217 1219 1376 1301 rapinam,

349 1332 383 1392 et
404 1327 590 1391 coniuratos
611 1326 724 1390 horret
746 1325 836 1390 adire
857 1326 966 1405 boves,

349 1443 381 1502 et
403 1438 550 1520 quamvis
571 1437 679 1502 audax
701 1438 844 1520 fatisque
865 1439 1036 1502 immanior
1059 1444 1153 1517 esset,

346 1553 512 1613 tantorum
535 1548 622 1613 solus
645 1549 768 1614 viribus
789 1550 895 1632 impar
918 1556 996 1614 erat.

243 1661 306 1725 Sed
329 1662 412 1725 siin
435 1662 620 1724 universum
643 1660 757 1724 Aviani
785 1660 970 1725 fabularum
1001 1661 1245 1744 amplitudinem
1278 1667 1376 1746 atque

242 1772 475 1838 abundantiam
498 1793 571 1835 curn
593 1771 779 1836 fabularum
791 1772 1030 1836 Babrianarum
1055 1773 1267 1855 amplitudine
1291 1794 1376 1838 corn-

242 1883 448 1967 parabimus‚
477 1883 572 1948 facile
602 1882 800 1961 videbimus,
831 1904 903 1947 oum
926 1883 1066 1948 Babrius
1096 1883 1305 1948 brevissimus
1337 1905 1376 1948 ac

242 2015 344 2079 prope
376 1995 467 2059 exilis
501 1995 544 2058 sit
574 1995 607 2057 in
634 1995 772 2058 materia
802 1995 1001 2072 enarranda,
1032 1995 1173 2058 maxima
1204 1995 1376 2060 verborum

246 2107 341 2190 copia
363 2111 462 2189 atque
476 2105 705 2189 descriptionis
727 2104 928 2169 abundantia
949 2105 997 2168 uti
1012 2105 1170 2169 Avianum
1183 2107 1216 2188 ¹),
1239 2111 1277 2170 ut
1298 2105 1380 2171 nihil

242 2217 284 2281 sit
299 2217 482 2282 mirandum
495 2217 604 2281 necin
623 2236 660 2280 eo
680 2216 888 2293 haerendum,
912 2217 938 2279 si
955 2216 1099 2299 singulas
1116 2238 1169 2280 res
1181 2216 1267 2299 apud
1283 2216 1375 2280 illum

242 2329 295 2393 vix
318 2333 468 2407 attactos,
491 2328 578 2411 apud
599 2328 685 2393 hunc
707 2327 872 2392 uberrime
896 2332 1066 2392 enarratas
1087 2328 1275 2392 invenimus.
1321 2329 1376 2391 nt-

243 2459 305 2521 que
328 2439 414 2503 hunc
434 2439 476 2502 ad
497 2440 604 2503 locum
625 2446 663 2504 ut
684 2439 798 2503 redeat
822 2440 940 2517 oratio,
962 2438 1040 2520 quid
1062 2439 1162 2504 habet
1184 2439 1266 2519 miri,
1289 2438 1377 2521 quod

244 2571 316 2614 eam
340 2571 418 2628 rem,
444 2551 477 2613 in
491 2571 556 2632 qua
569 2571 693 2614 summa
716 2557 766 2614 θεῖ
785 2551 886 2614 totius
907 2549 1048 2629 fabulae,
1074 2549 1280 2614 concordiam
1302 2549 1375 2614 dico

242 2662 375 2744 eiusque
407 2668 570 2741 eventum,
601 2662 786 2726 accuratius
818 2660 973 2725 describit
1005 2660 1202 2743 uberiusque
1231 2660 1375 2724 illustrat

240 2774 362 2856 poeta?
416 2772 522 2851 Quid?
560 2772 752 2837 concordiae
789 2778 906 2837 eventu
944 2771 1100 2854 amplius.
1120 2772 1249 2856 depicto
1287 2770 1374 2852 quod

241 2905 281 2948 ex
302 2869 493 2949 fabula'illa
516 2883 745 2948 documentum
768 2884 841 2967 capi
862 2883 966 2967 possit
992 2904 1098 2948 nonne
1120 2884 1221 2949 multo
1245 2882 1373 2948 eviden-

240 2995 305 3059 tius
330 2999 405 3060 ante
430 2995 539 3060 oculos
561 2995 693 3078 ponitur
715 2999 814 3077 atque
837 2996 930 3077 quasi
953 2995 1068 3058 animis
1091 2994 1296 3060 inculcatur?

327 3107 433 3187 Atque
456 3106 589 3171 tertium
612 3105 755 3171 eiusdem
782 3106 831 3169 rei
853 3105 1035 3189 exemplum
1059 3108 1166 3168 exstat
1187 3105 1220 3167 in
1242 3102 1373 3165 fabulae

241 3217 350 3281 XXIII
372 3237 467 3281 versu
489 3218 573 3296 VIII,
596 3217 652 3299 qui
673 3217 773 3282 sicin
796 3215 962 3281 codicibus
984 3215 1185 3298 perscriptus
1208 3218 1275 3277 est:

343 3349 416 3393 cum
439 3349 513 3412 spes
535 3329 568 3392 in
592 3329 733 3411 pretium
755 3347 890 3392 munera
913 3326 1026 3409 dispar
1047 3325 1123 3408 agit.

240 3440 361 3527 Verum
382 3444 470 3505 totus
489 3438 543 3504 ille
564 3439 656 3504 locus
676 3441 816 3505 maxime
833 3438 1030 3522 depravatus
1046 3441 1104 3515 est,
1127 3440 1164 3500 ut
1176 3456 1288 3500 sanam
1302 3457 1373 3500 sen-

240 3553 377 3617 tentiam
399 3572 439 3616 ex
462 3572 499 3616 eo
524 3550 642 3616 elicere
663 3551 716 3615 vix
738 3549 915 3634 possimus3
943 3554 1116 3631 praeterea
1137 3547 1172 3611 id
1194 3552 1283 3611 recte
1306 3567 1373 3610 mo·

243 3666 314 3728 nuit
336 3661 546 3728 Schenkehus
576 3661 696 3745 (annal.
726 3681 830 3745 gymn.
854 3661 961 3724 Austr.
992 3681 1020 3723 a.
1045 3664 1126 3724 1865
1149 3681 1180 3742 p.
1204 3659 1280 3740 407)
1298 3662 1374 3721 ante

242 3795 370 3839 versum
392 3773 488 3838 huius
516 3772 648 3837 fabulae
678 3771 850 3855 septimum
872 3792 970 3835 unum
1004 3770 1055 3834 vel
1078 3769 1141 3834 duo
1164 3767 1303 3834 disticha
1326 3769 1373 3831 in-

240 3885 427 3964 tercidisse,
459 3883 493 3948 id
517 3882 603 3966 quod
626 3882 757 3948 fabulae
779 3881 963 3946 Babrianae
982 3882 1092 3966 (Babr.
1115 3883 1139 3960 1,
1164 3881 1219 3964 30)
1244 3900 1373 3964 compa-

310 4075 335 4139 1)
352 4071 387 4127 cf.
406 4071 501 4125 Avian.
519 4071 536 4122 Β
554 4086 575 4123 c.
594 4071 674 4124 Babr.
697 4071 760 4136 1093
779 4070 827 4122 Av.
848 4072 863 4123 7
885 4070 945 4125 init.
965 4086 987 4123 c.
1008 4069 1175 4136 Rebi-,1043
1194 4072 1243 4123 Av.
1265 4073 1297 4121 14
1315 4069 1372 4121 iuit.

233 4174 264 4241 .⁰·
283 4158 366 4213 Babr.
385 4157 435 4223 563
464 4158 512 4210 Av.
539 4157 571 4209 15
588 4155 648 4211 init.
668 4171 691 4210 c.
708 4156 790 4211 Babr.
810 4157 859 4222 65;
882 4157 932 4209 Ar.
952 4157 984 4209 18
1012 4172 1035 4212 c.
1053 4156 1136 4210 Babr.
1154 4157 1202 4222 44;
1228 4157 1277 4208 Av.
1296 4155 1329 4205 34
1349 4168 1373 4205 θ.

235 4242 322 4297 'Babr.
345 4244 410 4310 1263
430 4244 479 4298 Av.
498 4243 532 4295 35
550 4257 573 4295 c.
593 4242 677 4298 Babr.
694 4243 742 4310 353
762 4245 812 4297 Av.
832 4243 866 4296 37
884 4256 908 4296 c.
926 4241 1009 4315 Babr.
1030 4244 1088 4298 100.
