2910 4928
600 411 814 473 ..33-

143 578 272 658 809;1‚
297 582 367 642 123.
389 615 432 625 -
454 578 589 660 quietis:
617 578 638 642 f.
663 583 698 658 2,
730 585 787 659 13,
810 581 930 663 quieti:
952 580 973 644 f.
1000 587 1032 659 l,
1056 588 1092 661 5,
1115 582 1279 663 quietem:

141 690 163 754 f.
188 695 217 769 6,
239 696 276 770 9,
299 690 460 772 quietam:
482 689 503 753 i.
528 696 582 769 18,
608 696 647 756 15
669 723 713 745 --
735 692 878 775 quietas:
900 692 937 757 A.
958 693 1005 772 X,
1028 698 1086 773 71,
1116 694 1281 776 quietem:

142 802 179 866 A.
202 801 242 880 X,
264 806 342 882 217,
364 801 417 865 all.
438 839 482 850 —
501 806 630 866 aratra:
660 802 681 867 f.
706 808 755 882 12,
779 808 815 884 3,
847 808 975 869 aratro:
998 803 1019 868 f.
1042 810 1093 884 28,
1116 810 1151 885 53
1179 804 1201 869 f.
1226 809 1280 884 36,

143 920 162 978 9
186 943 230 966 =
252 918 380 977 aratro:
410 933 439 996 g.
461 913 508 992 11,
536 919 615 994 513,
645 914 682 983 Α.
706 914 769 994 IX,
797 919 875 996 435,
906 921 1034 981 aratra:
1062 936 1090 998 g.
1112 916 1177 995 ΠΙ,
1197 921 1280 997 519,

9 1026 13 1036 ’
143 1024 278 1089 aratris:
312 1025 350 1089 A.
371 1024 447 1103 VH,
479 1028 555 1105 539,
586 1025 638 1090 all.
665 1064 705 1073 —-
736 1029 903 1111 eruors¹):
935 1027 955 1092 f.
986 1034 1023 1106 9,
1055 1033 1093 1092 13
1115 1059 1159 1080 =
1179 1028 1217 1091 Α.
1239 1028 1280 1106 V,

143 1141 222 1203 469:
247 1155 403 1201 cruorem.
426 1172 470 1184 -
491 1157 679 1202 recurrens:
708 1137 729 1202 f.
753 1142 782 1218 6,
806 1143 824 1203 3
846 1170 890 1192 =
911 1139 948 1204 A.
969 1139 1039 1218 VII,
1064 1144 1133 1204 100.
1157 1159 1282 1222 -per

142 1268 258 1314 auras:
280 1246 300 1311 f.
325 1253 354 1327 8,
377 1253 396 1313 5
418 1279 461 1301 =
482 1247 519 1312 A.
542 1248 596 1328 VI,
618 1253 677 1330 823
701 1254 779 1331 194,
801 1250 878 1330 VH,
902 1254 980 1331 543,
1003 1250 1097 1330 VIII,
1121 1255 1200 1331 5353
1222 1250 1277 1315 all.

144 1397 185 1408 -
207 1358 250 1424 ad
271 1379 385 1423 auras:
406 1358 428 1422 f.
454 1363 504 1439 20,
527 1364 545 1423 3
567 1392 611 1414 =
632 1361 669 1425 A.
692 1361 746 1441 VI,
769 1367 848 1442 554;
872 1366 951 1442 761,
975 1360 1044 1441 VII,
1066 1367 1139 1427 466.

231 1470 296 1536 Sed
324 1469 365 1535 de
388 1470 504 1535 Aviani
532 1471 714 1537 imitatione
734 1472 921 1556 Vergiliana
951 1473 1032 1537 99119
1059 1472 1182 1538 dictum
1212 1477 1280 1555 991,

147 1581 303 1665 exemplis
326 1582 411 1646 enim
438 1581 568 1647 abunde
598 1583 706 1648 allatis
737 1582 885 1649 docuisse
910 1583 1004 1649 nobis
1026 1589 1125 1667 atque
1145 1585 1281 1650 evicisse

143 1694 308 1774 videmur,
339 1714 437 1776 quam
464 1694 569 1759 multa
597 1715 615 1758 e
643 1694 779 1777 Vergilii
804 1695 1001 1761 carminibus
1029 1696 1195 1762 fabulator
1223 1697 1281 1762 ille

143 1805 313 1891 repetierit
343 1810 375 1870 et
405 1812 528 1889 quanta
559 1805 728 1889 diligentia
753 1812 786 1872 et
814 1807 848 1871 in
877 1829 1024 1873 sermone
1047 1808 1280 1874 conformando

144 1922 179 1983 91
201 1919 235 1982 in
255 1916 403 1983 versibus
432 1918 613 2002 pangendis
634 1917 770 2002 Vergilii
799 1919 936 2002 uestigia
963 1919 1128 2002 presserit.
1172 1920 1281 2003 Atque

143 2030 178 2095 id
201 2029 333 2113 quidem
360 2028 423 2093 1199
451 2030 558 2113 capite
579 2034 782 2113 pertractato
806 2029 951 2095 effecisse
972 2051 1025 2095 me
1047 2031 1214 2110 existimo,
1242 2036 1282 2096 ut

145 2160 257 2207 eorum
279 2141 482 2220 sententiam,
505 2141 562 2224 qui
582 2141 775 2206 nobiliorem
790 2140 952 2224 quendam
965 2141 1171 2223 antiquitatis
1194 2142 1280 2208 colo-

144 2273 212 2317 rem
234 2253 269 2316 in
288 2252 339 2316 his
355 2251 475 2318 fabulis
493 2258 672 2333 senserunt,
696 2249 899 2336 corrigerem
915 2257 949 2317 et
970 2252 1131 2334 quomodo
1152 2254 1280 2319 intelle-

145 2363 285 2448 gendum
297 2368 392 2443 esset,
411 2364 498 2446 quod
509 2363 599 2430 haud
615 2365 728 2448 paucis
742 2364 823 2430 locis
834 2364 973 2448 pulchra
986 2364 1155 2447 nitidaque
1171 2364 1280 2448 perlu-

147 2479 267 2555 cerent,
283 2474 487 2558 explicarem.
523 2475 623 2541 Vides
635 2476 736 2558 igitur
750 2476 816 2541 iam
831 2480 1032 2559 quantopere
1048 2475 1097 2540 illi
1109 2476 1172 2541 hoc
1184 2498 1282 2542 sensu

147 2585 277 2670 decepti
306 2586 502 2667 erraverint,
539 2608 612 2652 cum
643 2587 731 2651 ultra
760 2587 926 2652 saeculum
955 2587 1094 2651 alterum
1121 2588 1281 2653 Asianum

145 2697 238 2764 999111
265 2718 361 2782 posse
390 2703 565 2781 negarent3
594 2719 670 2763 nam
700 2702 788 2762 certe
814 2698 938 2762 utiam
963 2697 1083 2762 multas
1104 2699 1138 2763 in
1159 2699 1221 2764 hoc
1242 2700 1281 2763 li·

145 2809 232 2875 bello
244 2810 351 2875 inesse
366 2809 505 2875 vidimus
516 2831 569 2875 199
586 2809 749 2890 1119111999,
773 2831 857 2893 quae
873 2809 1032 2894 superiori
1048 2831 1145 2893 quam
1162 2815 1280 2893 quarto

147 2922 300 3004 quintove
323 2922 454 2986 saeculo
479 2921 582 2986 tribui
603 2944 667 2987 non
688 2927 842 3006 possunt,
870 2923 919 2988 ita
948 2922 982 2986 in
1004 2942 1152 2987 sermone
1174 2926 1225 2987 tot
1247 2927 1281 2988 91

145 3039 259 3098 tantae
280 3055 334 3098 199
355 3033 562 3098 11199111911191
584 3034 694 3116 quarti
716 3034 886 3117 quintique
908 3033 1030 3099 saeculi
1054 3033 1221 3118 propriae,
1244 3039 1282 3099 ut

29 3189 34 3199 ·
145 3145 198 3210 bis
225 3145 354 3210 indiciis
384 3146 566 3210 certissima
594 3145 659 3211 fide
688 3147 737 3210 uti
758 3145 853 3211 nobis
881 3146 981 3210 liceat
1013 3145 1056 3210 ad
1084 3144 1280 3210 fabulatoris

146 3257 235 3321 illius
262 3261 405 3321 aetatem
435 3257 666 3322 definiendam:
698 3258 741 3323 ad
769 3277 851 3339 quas
879 3278 932 3322 199
962 3257 1154 3322 tractandas
1182 3262 1282 3340 atque

148 3368 360 3434 illustrandas
382 3389 468 3433 nuno
489 3369 630 3435 transire
650 3369 685 3433 in
707 3369 814 3433 animo
837 3373 895 3433 991.

232 3481 280 3544 Ac
301 3480 443 3564 primum
469 3480 600 3564 quidem
626 3480 662 3545 id
688 3481 776 3563 quod
797 3480 891 3547 nobis
913 3479 1142 3564 proposuimus
1164 3480 1282 3545 docen-

146 3591 223 3656 dum
237 3592 479 3657 demonstratur
491 3613 530 3658 ea
544 3614 589 3673 19,
604 3591 692 3674 quod
708 3591 882 3656 nonnullae
897 3613 992 3656 99999
1006 3591 1041 3655 in
1055 3592 1171 3656 Aviani
1189 3591 1282 3656 fabu-

146 3703 187 3769 lis
201 3702 419 3783 inveniuntur,
441 3703 560 3786 quibus
582 3724 676 3768 nemo
699 3704 894 3786 scriptorum
910 3703 1130 3768 Romanorum
1152 3702 1282 3766 saeculo

148 3819 265 3897 quarto
285 3815 434 3899 superior
449 3837 527 3880 usus
539 3836 609 3880 9999
623 3813 761 3878 videtur.
794 3813 898 3878 Huius
910 3817 1020 3878 autem
1035 3812 1084 3876 rei
1099 3811 1282 3894 exemplum

218 4021 242 4091 l)
260 4021 340 4075 Hunc
367 4021 438 4075 enim
457 4035 564 4075 versum
582 4034 598 4074 e
616 4018 772 4072 coniectura
789 4016 824 4070 ab
842 4015 959 4070 Aemilio
978 4014 1119 4070 Baehrens
1138 4015 1284 4085 proposita

147 4109 188 4163 sic
204 4105 401 4163 restituendum
419 4121 494 4161 csse:

250 4209 342 4249 rerum
362 4193 410 4247 ubi
428 4195 557 4246 concreto
576 4189 719 4257 riguerunt
736 4189 860 4243 membra
877 4201 974 4242 cruore

147 4281 200 4338 iam
218 4296 304 4352 supra
321 4278 446 4335 docuisse
463 4277 544 4333 nobis
561 4275 692 4331 videmur.
