2910 4928
613 357 827 419 „12-

154 528 239 588 tates
262 528 295 588 et
316 524 465 588 licentias
485 523 653 602 metricas,
676 524 794 607 quibus
816 525 887 590 fieri
913 525 967 590 vix
988 548 1084 610 posse
1109 528 1284 606 contendit,

155 640 192 698 ut
214 636 317 719 priori
336 657 434 719 quam
457 635 569 718 quinto
593 636 723 701 saeculo
746 636 877 702 fabulae
899 637 975 702 illae
997 638 1228 704 attribuantur.

240 748 291 811 lta
314 747 466 829 quoniam
489 747 631 812 omnium
661 747 717 830 qui
740 748 847 813 adhuc
870 748 910 813 de
933 749 1049 814 Aviani
1071 754 1179 815 aetate
1202 750 1286 815 iudi-

159 859 210 921 cia
237 857 401 938 fecerunt,
439 857 616 923 sententias
652 858 919 941 perlustravimus
956 864 989 924 et
1018 859 1154 925 arbitrio
1184 861 1288 944 magis

155 967 340 1051 iudicioque
364 990 461 1052 quam
482 969 595 1054 probis
618 969 780 1052 certisque
809 970 992 1036 rationibus
1023 991 1078 1037 eas
1108 991 1179 1037 esse
1201 973 1289 1036 nisas
1356 975 1358 985 ⁴

159 1080 336 1163 vagarique
373 1080 414 1145 ab
453 1080 556 1145 altero
580 1103 610 1163 p.
635 1070 708 1144 Chr.
737 1103 766 1144 n.
797 1081 926 1146 saeculo
956 1102 1059 1164 usque
1087 1081 1129 1146 ad
1163 1087 1289 1147 sextum

159 1192 381 1273 eognovimus,
403 1192 536 1257 tandem
566 1191 742 1273 aliquando
774 1192 834 1256 has
865 1192 1003 1257 aliorum
1026 1193 1218 1272 sententias,
1249 1214 1289 1258 ne

160 1302 411 1368 auctoritatibus
435 1303 586 1368 commoti
607 1303 788 1381 videamur,
812 1303 1032 1386 relinquamus
1059 1308 1092 1368 et
1113 1302 1288 1384 videamus,

164 1412 319 1495 quidnam
340 1414 402 1498 ipsi
422 1414 464 1478 ad
485 1414 600 1478 Aviani
622 1418 764 1478 aetatem
792 1414 984 1479 certioribus
1006 1414 1124 1479 finibus
1155 1415 1291 1480 circum-

160 1524 379 1605 scribendam,
418 1525 526 1609 quoad
557 1526 591 1589 in
622 1525 681 1589 tali
713 1525 905 1590 indiciorum
934 1525 1044 1608 inopia
1073 1525 1145 1590 fieri
1173 1531 1291 1610 potest,

162 1636 308 1700 conferre
327 1637 496 1720 possimus.
533 1637 612 1702 Cum
635 1641 744 1700 autem
765 1636 913 1701 omnibus
936 1636 1074 1701 aliorum
1097 1639 1291 1721 scriptorum

160 1746 199 1811 de
228 1747 343 1811 Aviani
374 1753 483 1813 aetate
515 1747 708 1813 testimoniis
739 1747 886 1812 destituti
916 1754 1014 1830 atque
1047 1747 1156 1813 orbati
1182 1749 1290 1828 simus,

161 1879 237 1922 num
258 1858 327 1942 ipse
350 1860 492 1923 Asianus
515 1859 548 1922 in
571 1859 690 1924 fabulis
713 1880 779 1941 qua
804 1859 903 1924 fuerit
928 1863 1036 1924 aetate
1066 1859 1141 1924 ullis
1168 1859 1290 1924 indica-

159 1968 242 2033 verit
271 1969 393 2047 verbis,
422 1969 668 2052 investigemus3
707 1969 763 2034 sed
794 1991 834 2034 ne
864 1991 904 2034 ex
931 1970 982 2034 his
1012 1969 1143 2052 quidem
1172 1969 1291 2035 fabulis

159 2079 299 2145 certiora
338 2081 507 2160 discimus,
545 2081 608 2145 nisi
647 2081 734 2164 quod
767 2080 859 2160 inde,
896 2080 984 2163 quod
1019 2080 1052 2144 in
1088 2081 1291 2164 praefatione

159 2193 203 2274 (p.
227 2197 256 2270 4,
274 2197 311 2255 17
328 2192 394 2276 Fr.)
417 2192 558 2256 Phaedri
582 2197 614 2256 et
632 2191 745 2257 Babrii
767 2191 989 2256 fabulatorum
1004 2192 1074 2274 ipse
1095 2191 1291 2256 mentionem

159 2300 246 2380 feeit,
270 2301 334 2366 illis
355 2304 460 2386 poetis
484 2304 696 2390 posteriorem
719 2307 828 2367 aetate
850 2302 951 2367 fuisse
966 2303 1126 2367 Asianum
1146 2308 1292 2386 apparet.

160 2413 207 2476 Ac
231 2412 297 2477 iam
319 2413 382 2478 hae
404 2435 439 2477 re
462 2414 684 2496 Gannegieteri
708 2413 972 2495 Lachmannique
1003 2413 1043 2477 de
1069 2413 1183 2478 Aviani
1212 2418 1292 2478 tem-

160 2522 295 2606 poribus
319 2526 479 2588 sententia
505 2523 681 2589 refutatur:
710 2545 784 2589 nam
807 2544 871 2588 non
893 2524 998 2607 primo
1020 2546 1051 2606 p.
1073 2524 1146 2589 Chr.
1168 2545 1198 2588 n.
1222 2545 1292 2589 sae-

161 2633 249 2713 culo,
281 2634 338 2698 sed
369 2635 467 2700 tertio
495 2635 643 2700 floruisse
666 2634 821 2700 Babrium
850 2639 925 2717 post
953 2634 1128 2699 multorum
1150 2635 1293 2699 virorum
1323 2657 1330 2666 ·

161 2765 256 2809 curas
279 2750 378 2828 atque
397 2746 504 2812 studia
526 2746 656 2830 egregia
679 2767 775 2829 quam
791 2746 831 2810 de
846 2745 958 2811 Babrii
980 2749 1088 2810 aetate
1103 2746 1295 2830 conscripsit

161 2854 388 2921 dissertatione
412 2858 488 2923 Otto
513 2858 681 2942 Crusius1)
705 2857 939 2922 demonstravit
962 2857 1131 2940 evicitque,
1154 2862 1191 2921 ut
1212 2857 1294 2922 haec

231 3031 255 3093 1)
275 3028 354 3082 Stud.
371 3027 447 3096 Lips.
465 3029 493 3081 11
516 3045 563 3098 pp.
586 3030 729 3082 rat-244.
765 3029 868 3096 Regem
895 3033 986 3084 autem
1005 3027 1080 3082 illum
1098 3026 1293 3095 Alexandrum,

163 3127 241 3180 quem
257 3112 286 3166 in
304 3115 441 3180 prooemio
456 3114 569 3170 alterius
587 3113 740 3169 fabularum
756 3113 820 3168 libri
838 3115 874 3182 (p.
894 3115 928 3167 66
948 3113 965 3166 i.
980 3112 1025 3165 fin.
1045 3111 1157 3178 Eberh.)
1176 3110 1294 3165 Babrius

162 3205 369 3266 commemorat,
394 3199 578 3254 Alexandrum
605 3199 731 3255 Severum
757 3214 819 3254 esse
847 3199 958 3253 Crusius
983 3198 1093 3253 statuit:
1123 3195 1294 3266 gravioribus

162 3300 226 3339 vero
245 3285 321 3339 nisus
339 3285 508 3353 argumentis
526 3286 560 3338 K.
580 3286 605 3339 J.
623 3285 810 3339 Naumannius
829 3284 909 3352 (Mus.
929 3284 1017 3337 Rhen.
1036 3281 1149 3349 XXXV,
1169 3285 1185 3334 2
1205 3281 1296 3352 [1880]

164 3386 192 3436 p.
220 3373 269 3424 301
298 3373 350 3439 sq.)
374 3370 579 3439 angustioribus
602 3371 701 3426 finibus
725 3370 821 3426 Babrii
848 3375 963 3424 aetatem
983 3366 1214 3434 circumscripsit,
1236 3382 1296 3420 eum

164 3454 248 3508 filium
265 3456 340 3510 illum
359 3455 510 3511 Alexandri
527 3457 609 3525 regis,
627 3457 670 3511 cui
688 3456 802 3511 alterum
822 3455 975 3509 fabularum
995 3454 1094 3507 librum
1112 3451 1230 3507 Babrius
1250 3452 1296 3506 de-

165 3541 278 3610 dicarit,
298 3542 479 3610 Elagabalum
497 3557 557 3598 esse
576 3544 716 3608 censeret,
736 3548 766 3594 ut
784 3557 856 3595 anno
874 3556 901 3608 p.
921 3539 983 3592 Chr.
1004 3555 1031 3592 n.
1050 3537 1232 3592 ducentesimo
1251 3537 1296 3591 de-

164 3626 233 3680 cimo
257 3628 373 3695 septimo
399 3628 443 3683 vel
469 3633 564 3683 octavo
590 3627 663 3682 hanc
687 3626 841 3681 fabularum
867 3632 978 3693 partem
1003 3624 1120 3696 Enresae
1144 3622 1295 3690 Elagabalo
1349 3631 1352 3636 ’

165 3711 294 3766 Babriam
312 3712 455 3769 dedicasse
481 3713 653 3768 statuendum
672 3713 714 3767 sit.
736 3710 841 3764 -Iam
860 3710 942 3763 aliam
964 3710 993 3763 in
1010 3708 1110 3763 Aviani
1127 3708 1298 3776 praefatione

164 3811 306 3865 rem,quae
316 3799 344 3852 in
352 3799 590 3854 hancsenteutiam
600 3798 825 3866 optimequadrat
834 3795 945 3850 Crusius
953 3795 980 3862 (l.
989 3811 1010 3848 c.
1019 3810 1044 3862 p.
1053 3796 1103 3848 238
1112 3793 1297 3862 adnotietd)

165 3897 195 3936 se
208 3882 343 3938 invenisse
353 3883 413 3938 iure
423 3885 575 3950 meritoque
586 3885 734 3938 arbitratus
745 3889 796 3948 est3
813 3899 873 3935 cum
891 3883 960 3935 enim
970 3881 1091 3935 Asianus
1101 3878 1252 3933 dicathaec
1261 3877 1297 3944 (p.

164 3972 190 4037 4,
210 3971 241 4022 19
254 3984 311 4037 sqq.
327 3969 348 4021 F
349 3971 397 4034 r.):
415 3969 459 4023 ‘de
477 3968 521 4022 his
532 3969 597 4038 (scil.
609 3968 710 4024 fabulis
721 3967 875 4036 Aesopieis)
894 3983 945 4034 ego
956 3966 990 4020 ad
1002 3964 1182 4033 quadraginta
1194 3970 1221 4018 et
1231 3962 1298 4016 duas

164 4055 194 4108 in
213 4071 294 4108 unum
311 4054 439 4110 redactas
458 4053 567 4110 fabulas
588 4055 665 4123 dedi,
692 4071 760 4124 quas
779 4054 841 4108 rudi
860 4051 1010 4107 Latinitate
1028 4049 1194 4118 compositas
1213 4048 1297 4116 elegis

165 4156 223 4195 sum
243 4139 381 4208 explicare
399 4141 523 4195 conatus‘
547 4139 615 4194 haec
637 4140 736 4194 verba:
761 4141 840 4208 ‘quas
867 4138 929 4192 rudi
946 4136 1096 4192 Latinitate
1116 4133 1299 4201 compositas’,

166 4224 249 4282 ceteri
269 4224 308 4279 ita
326 4225 500 4295 interpretati
518 4232 597 4295 sunt,
617 4230 647 4279 ut
666 4225 702 4281 ad
720 4225 819 4280 Aviani
837 4223 944 4278 fabulas
963 4238 998 4278 ea
1015 4220 1153 4291 pertinere
1170 4218 1299 4286 illumque
