2910 4928
623 389 839 456 ...13-

167 567 315 650 quaestio
339 564 570 630 obscurissima
591 563 722 629 tandem
745 562 899 627 adfinem
917 562 1060 627 adducta
1078 567 1111 627 et
1125 564 1299 646 profligata

167 699 239 744 esse
262 675 423 743 censenda
446 675 497 739 sit.

255 790 370 870 ltaque
411 785 563 869 quoniam
602 785 740 850 vidimus
776 785 858 850 nihil
891 785 980 850 aliud
1014 785 1053 850 de
1089 785 1299 869 temporibus,

171 900 290 983 quibus
312 898 383 982 ipse
403 897 559 975 floruerit,
584 895 713 961 disertis
731 896 838 961 verbis
856 897 1015 960 Avianum
1029 896 1216 980 patefacere
1238 897 1300 961 nisi

169 1017 244 1096 post
268 1009 424 1074 Babrium
446 1007 575 1072 fabulas
596 1028 630 1072 se
653 1008 893 1092 conscripsisse,
916 1011 949 1071 et
970 1009 1109 1072 maxime
1131 1006 1301 1091 probabile

171 1142 241 1188 esse
274 1119 490 1185 intelleximus
519 1119 618 1183 etiam
641 1118 770 1183 Titiano
800 1118 1012 1202 paraphrasis
1039 1124 1171 1184 auctore
1194 1122 1302 1202 poste-

170 1233 289 1297 riorem
313 1252 386 1296 eum
408 1231 527 1295 fuisse:
549 1250 588 1294 ex
609 1230 754 1313 ipsarum
770 1229 887 1293 harum
902 1229 1086 1295 fabularum
1102 1229 1210 1294 indole
1225 1251 1302 1294 num

174 1342 252 1425 quid
276 1341 439 1407 enucleari
458 1324 576 1425 possit,
608 1361 672 1422 quo
694 1339 736 1404 ad
757 1346 874 1423 poetae
897 1345 1038 1405 aetatem
1060 1340 1303 1423 angustioribus

168 1453 287 1519 finibus
315 1451 644 1518 circumscribendam
671 1455 816 1530 utamur,
847 1452 1052 1535 experiamur
1081 1471 1213 1516 necesse
1236 1456 1302 1531 est3

170 1569 269 1647 atque
296 1569 334 1629 ut
366 1568 476 1628 cetera
511 1584 597 1628 nunc
632 1562 835 1641 omittamus,
869 1583 952 1645 quae
984 1562 1026 1626 ad
1053 1562 1116 1627 hoo
1146 1561 1303 1627 adhibere

170 1675 269 1741 liceat
278 1710 289 1754 ,ι
315 1675 422 1759 prima
445 1674 586 1739 omnium
617 1678 715 1756 atque
744 1672 904 1738 naturahs
935 1673 1096 1756 quaedam
1126 1673 1304 1738 carminum

171 1786 294 1851 mensio
307 1785 342 1850 in
362 1784 490 1868 legibus
506 1805 711 1849 numerorum
724 1805 806 1866 quas
829 1789 963 1861 secutus
980 1790 1029 1850 est
1051 1790 1174 1862 auctor,
1197 1785 1306 1868 posita

174 1902 232 1976 est,
255 1901 292 1961 ut
314 1917 334 1960 a
356 1915 432 1961 vero
454 1915 518 1959 non
538 1895 748 1961 oberraturos
771 1915 915 1960 essenos
939 1896 1168 1974 existimemus,
1191 1897 1219 1961 si
1240 1895 1306 1980 pri-

172 2028 260 2072 mum
281 2007 315 2070 in
337 2007 450 2072 Ariani
474 2007 618 2071 rationes
643 2006 796 2072 metricas
818 2007 1088 2088 inquisiverimus.

259 2120 365 2200 Atque
382 2118 425 2182 in
455 2118 641 2183 universum
672 2117 712 2182 de
734 2118 849 2183 Aviani
879 2139 1031 2184 versuum
1062 2117 1307 2202 pangendorum

174 2235 245 2295 arte
267 2230 330 2293 hoo
359 2228 515 2293 iudicium
539 2228 724 2293 faciendum
754 2234 804 2294 est
825 2250 889 2294 non
910 2231 945 2294 in
966 2229 1116 2313 pessimis
1138 2234 1309 2313 poetarum

173 2341 365 2405 Latinorum
383 2361 456 2405 eum
477 2360 547 2404 esse
569 2339 772 2420 habendum
793 2361 877 2422 quae
899 2341 933 2405 in
947 2341 1094 2407 versibus
1117 2360 1309 2424 componen-

175 2450 225 2515 dis
247 2450 363 2515 levitas
386 2455 418 2515 et
440 2450 601 2534 elegantia
623 2450 697 2515 inde
717 2451 865 2534 profecta
889 2457 953 2531 est,
976 2453 1063 2535 quod
1085 2473 1209 2518 summo
1237 2472 1310 2515 cum

176 2561 284 2627 studio
310 2567 409 2644 atque
432 2561 600 2645 diligentia
634 2566 667 2625 et
689 2561 825 2646 Vergilii
847 2568 880 2627 et
900 2562 1007 2627 Ovidii
1030 2564 1174 2628 carmina
1195 2562 1312 2645 relegit

176 2673 370 2754 illorumque
401 2678 573 2755 poetarum
603 2673 741 2757 vestigia
771 2695 869 2757 quam
906 2675 1148 2740 accuratissime
1184 2674 1311 2758 pressit.

177 2784 297 2848 Verum
316 2803 356 2848 ne
378 2784 503 2866 longior
525 2783 585 2848 fiat
606 2783 794 2868 disputatio,
816 2784 856 2850 de
870 2785 986 2850 Ariani
1007 2791 1077 2851 arte
1098 2787 1236 2850 metrica
1258 2805 1311 2849 ao-

177 2895 322 2959 ouratius
356 2913 453 2977 agere
489 2894 653 2959 omisimus
668 2896 710 2978 1);
743 2915 798 2960 eas
826 2899 952 2960 tantum
983 2897 1126 2960 rationes
1156 2896 1309 2960 metricas

178 3067 267 3134 ipsum
287 3064 382 3119 rudem
397 3078 549 3118 sermonem
563 3079 640 3118 suum
658 3064 749 3120 dicere
766 3070 922 3121 censerent:
941 3064 989 3120 sed
1007 3065 1117 3121 Orosius
1134 3067 1207 3120 hnno
1224 3065 1312 3120 locum

178 3156 254 3205 recte
272 3152 312 3205 ita
337 3147 488 3216 intellexit,
511 3158 541 3204 ut
565 3149 750 3219 paraphrasin
776 3150 930 3218 pedestrem
957 3150 1111 3206 fabularum
1128 3152 1312 3219 Aesopearum

179 3251 294 3303 eamque
303 3234 403 3289 Titiani
423 3234 505 3303 illius,
525 3234 559 3290 de
578 3250 631 3302 quo
649 3251 733 3303 supra
742 3235 779 3304 (p.
798 3239 825 3305 7)
837 3237 1114 3303 commemoravimus,
1132 3235 1312 3304 significatam

180 3336 238 3375 esse
264 3323 412 3385 statueret,
438 3334 471 3372 ex
495 3335 549 3388 qua
574 3318 683 3376 fabulas
704 3319 782 3374 XLII
801 3320 923 3376 Avienus
948 3335 1010 3378 sese
1035 3321 1241 3391 deprompsisse
1269 3321 1312 3375 de-

180 3411 376 3474 promptasque
395 3404 478 3472 elegis
498 3405 649 3473 explicasse
667 3404 779 3461 diceret.

250 3491 276 3560 1)
289 3490 430 3545 Abstinuit
448 3492 568 3545 Asianus
590 3490 777 3546 hexametrum
792 3491 939 3547 terminare
956 3506 1022 3547 roce
1040 3491 1230 3561 monosyllaba
1246 3490 1282 3560 (7,
1301 3495 1313 3544 1

180 3583 208 3632 et
227 3577 270 3644 36,
290 3579 323 3630 17
341 3574 427 3644 spurii
439 3591 532 3632 versus
545 3582 624 3645 sunt;
644 3579 685 3642 14,
704 3579 753 3630 13:
772 3576 804 3631 ‘si
823 3576 909 3644 quem’
927 3584 956 3632 ut
971 3593 1053 3632 unum
1066 3575 1177 3631 verbum
1193 3584 1220 3632 et
1238 3575 1315 3630 effer-

180 3674 225 3718 tur
248 3669 276 3718 et
293 3661 483 3731 perscribitur,
509 3666 627 3716 ceterum
646 3662 679 3716 cf.
699 3661 889 3730 Cannegieteri
913 3662 993 3716 huius
1011 3661 1065 3717 loci
1083 3662 1317 3730 emendationem),

182 3754 342 3814 tantamque
369 3748 591 3815 aequabilitatem
618 3753 701 3814 atque
728 3746 890 3816 elegantiam
923 3763 956 3802 ex
986 3747 1149 3818 optimomm
1174 3756 1315 3815 poetarum

182 3833 347 3888 auctoritate
363 3831 516 3902 affectavit,
546 3837 576 3886 nt
601 3848 681 3887 voces
709 3832 799 3889 tribus
826 3831 939 3901 syllabis
957 3833 1102 3902 ampliores
1120 3833 1149 3886 in
1166 3834 1316 3888 hexametri

178 3917 234 3972 line
252 3934 307 3975 non
324 3918 496 3987 admitteret,
520 3923 717 3987 pentametrum
741 3917 795 3973 nisi
813 3917 905 3973 verbis
924 3917 1065 3988 disyllabis
1084 3917 1208 3974 Ovidium
1228 3924 1255 3974 et
1272 3918 1318 3972 Ti·

183 4002 287 4057 bullum
306 4009 415 4059 secutus
434 4002 478 4071 (ci.
494 4004 559 4058 Luc.
573 4003 688 4059 Mueller
705 4003 738 4058 de
754 4019 784 4058 re
799 4010 876 4059 metr.
895 4019 922 4072 p.
941 4004 993 4057 224
1010 4008 1062 4074 sq.)
1080 4021 1134 4060 non
1150 4005 1316 4061 terminaret.

252 4089 362 4144 Summa
381 4089 521 4158 diligentia
541 4105 599 4143 eam
618 4089 704 4157 legem
723 4089 892 4158 observarit,
921 4103 1001 4157 quam
1020 4092 1236 4159 praestantiores
1254 4105 1319 4159 poe·
1407 4144 1408 4149 ,

184 4178 274 4226 tarum
292 4174 475 4229 Romanorum
493 4175 582 4229 secuti
598 4178 675 4242 sunt,
701 4179 731 4227 ut
756 4174 784 4228 in
801 4173 954 4231 hexametri
972 4175 1026 4230 fine
1044 4183 1172 4230 occentus
1189 4174 1318 4229 metricus

185 4271 246 4311 cum
264 4259 440 4324 grammatico
459 4264 631 4327 congrueret.
