2910 4928
621 380 663 392 ..
710 327 749 408 1'4'
792 381 835 394 .-

160 519 305 578 tractare
333 513 365 577 in
394 515 501 578 animo
525 518 589 591 est,
620 513 738 596 quibus
761 514 803 578 ad
828 521 968 580 aetatem
991 522 1109 599 poetae
1130 517 1217 583 illius
1241 510 1295 584 de·

163 625 337 690 finiendam
359 627 408 689 uti
431 646 596 707 queamus

245 737 293 800 Ac
314 736 453 819 primum
477 735 608 818 quidem
631 738 947 802 commemorandum
971 744 1022 803 est
1041 739 1211 805 nonnullas
1233 742 1295 825 syl·

148 847 255 926 ‘lebas
276 846 400 925 finales,
424 867 508 929 quae
530 847 635 930 poetis
659 847 801 912 classicis
822 848 1002 933 productae
1025 871 1044 914 a
1067 852 1177 932 quarti
1201 852 1294 934 quin·

157 959 248 1041 tique
272 959 394 1023 saeculi
422 959 528 1042 poetis
554 958 788 1042 corripiuntur,
817 959 858 1024 ab
881 960 952 1043 ipso
975 961 1099 1025 Aviano
1129 960 1295 1026 breviatas

142 1054 246 1150 esse,
271 1071 361 1135 cuius
383 1070 432 1134 rei
454 1071 602 1154 exempla
623 1071 831 1135 inveniuntur
853 1071 887 1134 in
909 1070 1075 1135 vocabulis
1098 1073 1294 1156 compositis,

156 1201 384 1263 Ι1111111111
409 1181 487 1264 ‘par'
513 1181 729 1261 descendunt,
761 1183 849 1246 etin
872 1182 968 1246 ‘volis'
991 1181 1114 1262 forma,
1146 1203 1229 1265 quae
1252 1183 1295 1247 ad

159 1291 258 1356 ‘velle’
281 1291 376 1357 redit.
421 1292 562 1357 Exstant
588 1297 695 1357 autem
729 1293 876 1375 exempla
904 1292 991 1376 apud
1014 1293 1171 1357 Asianum
1194 1294 1292 1358 haec:

264 1409 319 1481 11,
351 1411 385 1468 5:
417 1403 528 1487 dispar
558 1407 630 1468 erat
652 1403 760 1486 fragili
789 1409 823 1468 et
846 1403 969 1468 solidae
992 1404 1165 1468 concordia
1187 1410 1294 1469 motus
1379 1426 1380 1429 ¹

264 1519 313 1593 23,
339 1520 375 1579 81
397 1535 470 1579 cum
493 1535 567 1598 spes
589 1515 621 1577 in
644 1515 786 1598 pretium
809 1535 945 1579 munera
968 1515 1079 1598 dispar
1102 1515 1170 1597 agit

265 1630 314 1704 18,
340 1630 395 1689 10:
419 1631 585 1690 tantorum
608 1625 695 1690 solus
717 1626 840 1691 viribus
861 1626 967 1709 impar
990 1631 1061 1690 erat

263 1741 291 1815 3,
317 1741 351 1800 6:
373 1757 486 1801 rursus
503 1736 542 1815 ¹in
567 1735 731 1818 obliquom
754 1757 818 1802 neu
840 1737 919 1802 velis
941 1738 989 1801 ire
1009 1737 1092 1820 pede
1107 1739 1131 1819 ¹)

262 1851 312 1926 23,
338 1853 393 1912 1οι
417 1848 483 1912 sive
507 1846 605 1912 decus
628 1847 716 1912 busti
739 1869 796 1913 seu
818 1848 897 1913 volis
920 1869 990 1912 esse
1014 1847 1110 1913 deum

158 1958 227 2022 Hos
250 1979 359 2022 omnes
380 1979 502 2036 versus,
522 1958 556 2022 in
577 1957 695 2040 quibus
716 1958 860 2043 syllabae
882 1959 958 2023 illae
982 1964 1152 2043 correptae
1171 1961 1293 2025 inveni-

158 2072 273 2148 untur,
303 2091 375 2134 cum
393 2090 512 2153 parum
542 2069 689 2133 insuam
712 2071 814 2153 ipsius
837 2069 877 2134 de
900 2070 1013 2170 Aviani
1034 2074 1142 2134 aetate
1165 2076 1293 2136 senten-

157 2181 237 2244 tiam
269 2180 484 2263 quadrarent,
518 2179 745 2246 Lachmannus
775 2180 894 2246 delevit
920 2187 1018 2262 atque
1043 2202 1063 2245 a
1093 2181 1192 2246 medii
1222 2184 1294 2248 aevi

226 2411 360 2464 illisiones
378 2411 464 2478 magis
489 2413 589 2466 vitasse
615 2427 695 2480 quam
720 2412 860 2480 appetisse
878 2412 998 2466 Asianus
1025 2413 1149 2481 videtur,
1177 2429 1238 2467 nam
1264 2423 1293 2466 ut

159 2511 221 2551 raro
240 2511 287 2550 111
316 2495 424 2550 admisit
441 2496 481 2550 ita
499 2495 589 2562 longis
608 2495 738 2551 elidendis
757 2495 842 2551 ferme
860 2495 1008 2562 abstinuit,·
1033 2497 1103 2552 unde
1125 2498 1199 2551 idem
1220 2498 1292 2565 quod

158 2581 219 2636 11111
239 2596 347 2649 quoque
372 2581 455 2635 rebus
484 2582 693 2650 comprobatur,
719 2590 834 2650 apparet
859 2582 957 2637 seriori
983 2597 1050 2636 aevo
1070 2582 1167 2637 111111
1184 2582 1293 2637 fabulas

158 2667 320 2724 tribuendas
348 2681 421 2730 esse;
450 2666 584 2734 siquidem
607 2672 682 2721 recte
707 2667 836 2722 iudicavit
853 2668 884 2720 L.
905 2666 1021 2722 Mueller
1043 2668 1061 2720 l.
1089 2684 1111 2722 c.
1132 2685 1159 2736 p.
1178 2669 1228 2720 281
1250 2684 1291 2736 sq.

155 2752 198 2807 De
216 2752 338 2808 caesuris
358 2752 459 2820 optime
483 2753 537 2807 ism
556 2753 611 2820 egit
628 2753 659 2805 h.
679 2752 828 2807 Muellerus
846 2753 873 2819 (1.
893 2769 916 2808 c.
934 2769 961 2822 p.
984 2753 1053 2823 198),
1074 2769 1131 2807 oum
1150 2762 1206 2808 tres
1227 2752 1289 2808 illas

157 2852 301 2905 caesuras,
326 2853 396 2906 qrrse
414 2837 552 2906 legitimae
570 2853 666 2893 versus
684 2838 789 2893 heroici
807 2839 881 2906 apud
900 2839 1035 2893 Romanos
1053 2839 1197 2907 habentur,
1217 2839 1291 2894 solas

157 2923 193 2978 ab
211 2923 316 2977 Avieno
335 2923 469 2977 admissas
489 2939 551 2978 esse
571 2924 690 2990 diceret;
714 2939 776 2978 nam
795 2925 868 2993 quod
887 2938 956 2978 uuus
975 2938 1071 2979 versus
1089 2929 1177 2978 restat
1195 2925 1229 2977 ab
1248 2924 1292 2978 his

157 3010 261 3064 normis
279 3007 426 3062 recedens:
455 3011 502 3076 35,
531 3011 578 3062 16:
605 3010 654 3062 ‘sic
671 3025 734 3065 mox
758 3010 815 3065 alta
834 3010 960 3077 neglecta
978 3008 1080 3077 cubant
1097 3011 1181 3077 atque
1199 3008 1292 3062 ordine

157 3095 263 3162 verso’,
298 3099 328 3148 ut
353 3099 382 3148 11
403 3095 525 3162 generali
556 3110 670 3150 caesura
695 3095 920 3163 semiseptenaria
952 3103 979 3149 et
1007 3095 1126 3148 secunda
1157 3100 1184 3147 et
1212 3093 1292 3148 tertia

157 3179 298 3235 trochaica
317 3194 413 3234 versus
431 3178 577 3247 incidatur,
596 3182 696 3235 utiam
714 3180 776 3236 aliis
796 3181 883 3235 causis
902 3168 1068 3248 suspiciones
1086 3185 1185 3246 mouet,
1203 3179 1241 3232 its
1259 3193 1292 3234 11

158 3282 201 3335 11,
227 3265 299 3333 quod
318 3265 353 3318 ub
372 3265 469 3319 Aviani
489 3264 597 3333 legibus
623 3267 739 3322 metricis
758 3281 872 3335 prorsus
890 3265 998 3320 alienus
1018 3271 1069 3332 111,
1093 3264 1128 3318 ab
1145 3265 1294 3333 interpola·

157 3359 217 3406 tore
235 3350 344 3406 additus
363 3351 540 3405 convincitur.

226 3437 284 3490 Iam
295 3437 349 3490 hoc
365 3436 625 3492 commemorandum
637 3444 688 3506 est,
706 3437 831 3493 maximis
848 3439 877 3491 in
895 3437 1000 3492 deliciis
1013 3436 1143 3491 habuisse
1155 3437 1292 3491 Asianum

156 3522 291 3577 vocabula
318 3521 354 3577 sb
379 3521 474 3576 iisdem
492 3522 535 3577 sel
554 3539 675 3579 consona
698 3521 1217 3592 111111111111111111111111111111111;
1242 3537 1293 3574 nec

157 3608 245 3662 minus
264 3607 336 3663 idem
355 3606 505 3663 delectatus
523 3614 566 3664 est
583 3609 706 3665 versibus
725 3610 764 3666 111
787 3608 973 3677 conformatis,
992 3616 1021 3663 nt
1039 3622 1072 3662 11
1087 3605 1203 3675 syllaba,
1222 3621 1291 3672 quse

155 3695 274 3763 priorem
294 3709 390 3749 versus
403 3690 513 3763 'partem
532 3696 677 3762 terminat,
703 3705 730 3751 et
748 3710 817 3762 quae
835 3709 931 3749 versus
949 3694 1030 3748 finem
1049 3692 1149 3759 elficit,
1167 3690 1292 3745 similiter

157 3785 263 3835 sonent.
300 3779 352 3846 Qui
370 3795 481 3849 versus,
507 3781 605 3849 quibus
622 3780 738 3837 leoninis
756 3796 854 3836 nomen
874 3795 891 3834 1
908 3777 1090 3846 grammaticis
1107 3776 1221 3831 inditum
1242 3784 1293 3845 est,

156 3880 217 3920 cum
241 3867 295 3920 iam
323 3866 397 3935 apud
421 3881 521 3922 aureae
546 3867 644 3922 1111111
667 3875 764 3935 poetas
787 3864 861 3920 haud
888 3865 928 3918 ita
952 3863 1008 3919 rari
1031 3863 1218 3930 inveniantur,
1243 3861 1292 3916 sed

157 3967 222 4007 casu
240 3953 333 4021 potius
351 3951 424 4019 nati,
451 3953 578 4007 extremis
597 3953 701 4006 demum
719 3950 877 4006 Latinitatis
902 3947 1072 4016 temporibus
1090 3947 1292 4016 1111111111-

157 4054 210 4106 que
229 4038 257 4092 in
277 4053 355 4093 usum
372 4043 505 4093 venerunt
522 4038 570 4106 ita,
589 4041 619 4090 ut
631 4037 743 4093 consilio
761 4042 843 4104 atque
855 4035 946 4089 dedita
963 4049 1048 4103 opera
1066 4033 1291 4102 quamplurimos

158 4125 219 4180 eius
237 4124 348 4194 generis
365 4138 460 4179 versus
479 4123 635 4192 confingere
653 4129 753 4192 poetae
770 4121 930 4192 gauderent.

226 4213 250 4283 1)
269 4211 310 4265 sic
328 4209 509 4266 Schenkslius
528 4224 562 4264 ex
578 4208 737 4264 coniectura
755 4206 856 4277 optime
873 4208 992 4262 inventa.
