2910 4928
604 380 835 440 ‘-49-

163 551 255 615 litem
288 549 354 614 sive
384 548 625 613 iurisactionem
655 546 793 627 inferre,
824 566 907 628 quae
933 545 1161 629 interpretatio
1189 567 1297 611 rerum

163 682 247 746 quae
278 660 324 726 ibi
354 664 574 743 exponuntur,
604 659 740 724 conexui
769 658 873 722 minus
901 661 980 741 apta
1011 662 1068 722 est.
1120 659 1182 736 Qui
1213 658 1297 722 enim

163 872 288 938 valeant:
308 881 441 950 proelium
460 883 517 937 sire
536 887 671 936 certamen
689 883 762 935 inire
782 896 842 935 cnm
861 880 963 948 aliquo.
999 879 1058 946 Qua
1076 879 1183 934 ratione
1200 880 1298 934 ductus

162 969 354 1023 Lachmannns
374 982 423 1035 pro
442 967 524 1022 ‘love’
543 966 716 1021 scribendum
735 967 895 1035 proposuit:
912 967 999 1033 ‘ioco'‚
1018 980 1073 1034 qua
1091 980 1158 1020 voce
1176 965 1299 1034 reposita

164 1070 257 1108 omnes
267 1053 439 1108 difficultates
449 1059 629 1107 removentur.
649 1055 690 1105 Ac
704 1059 776 1107 certe
787 1052 841 1106 duo
850 1053 920 1106 haec
928 1051 1075 1106 vocabula:
1090 1051 1172 1106 ‘love’
1184 1053 1213 1104 et
1220 1051 1298 1106 ‘ioco'

162 1140 293 1195 facillime
316 1157 332 1195 a
352 1138 471 1194 librariis
492 1138 640 1206 permutari
660 1153 743 1206 possa
762 1125 890 1192 docemur
907 1137 1046 1205 scriptura
1063 1136 1164 1193 codicis
1182 1137 1296 1206 Sauger-

161 1227 297 1281 mariensis
316 1225 367 1294 (P),
386 1225 414 1278 in
432 1241 485 1292 qun
503 1224 521 1277 f.
542 1227 591 1294 37,
609 1227 625 1277 2
643 1240 694 1292 pro
711 1224 809 1292 ‘iocis',
838 1225 912 1292 quod
931 1223 1031 1278 ceteris
1048 1222 1128 1277 libris
1146 1223 1298 1293 exhibetur,

161 1312 249 1367 ‘loris’
267 1318 406 1365 exaratum
425 1320 474 1365 est.
512 1312 610 1378 ltaque
627 1310 769 1364 lectionem
785 1310 870 1378 ‘ioco’,
891 1326 952 1363 curn
971 1308 1168 1363 emendationis
1185 1309 1297 1364 lenitate

161 1397 377 1464 commendetur,
405 1397 577 1450 Froehnerus
603 1396 631 1449 in
656 1396 777 1450 ordinem
803 1396 923 1463 recepit.;
952 1396 1042 1449 minus
1067 1410 1100 1449 ea
1117 1395 1220 1463 placuit
1243 1397 1295 1449 Ae·

160 1483 235 1537 milio
253 1483 410 1550 Baehrens,
436 1483 484 1550 qui
504 1485 563 1537 sine
582 1482 638 1536 ulla
656 1483 764 1535 omnino
783 1497 865 1536 causa
884 1482 958 1535 illam
975 1496 1067 1535 vocem
1085 1497 1102 1534 a
1120 1481 1296 1536 Lachmanno

163 1569 303 1637 expulsam
322 1569 388 1623 dicit
407 1568 529 1635 (miscell.
547 1570 606 1624 crit.
626 1584 652 1636 p.
673 1569 722 1620 182
736 1567 813 1636 init),
832 1574 859 1622 et
876 1567 988 1620 Kellero
1008 1576 1034 1622 et
1044 1567 1205 1622 Schenkelio
1225 1567 1297 1633 (anu.

161 1672 248 1724 gymn.
267 1656 359 1710 Aucta
384 1672 407 1710 a.
429 1655 495 1709 1865
514 1672 540 1724 p.
559 1657 635 1724 402),
654 1655 699 1722 qui
717 1654 882 1722 argumentis
900 1653 1022 1709 refutare
1048 1669 1107 1707 eam
1126 1655 1296 1708 studuerunt.

162 1741 240 1807 Quod
260 1747 348 1795 antem
368 1741 554 1809 gravissimum
573 1740 689 1795 afferunt
708 1746 903 1808 argumentum,
922 1739 996 1807 quod
1014 1739 1043 1792 in
1064 1755 1144 1794 versu
1162 1740 1211 1793 XV
1229 1741 1297 1795 haec

160 1827 277 1894 legimus
297 1827 413 1894 scripta:

265 1918 329 1966 tnnc
347 1912 433 1966 victor
452 1913 545 1969 docuit
562 1912 719 1980 praesentia
737 1911 847 1965 numina
865 1911 956 1980 Titan,

264 1998 365 2052 nullum
384 1999 542 2066 praemissis
560 1999 668 2053 vincere
688 2013 769 2065 posse
787 1997 877 2065 minis,

162 2085 187 2138 ei
206 2100 261 2139 non
287 2084 400 2138 multum
424 2085 598 2140 tribuendum
624 2099 737 2152 rense03
763 2099 826 2136 nam
854 2099 912 2137 cnm
940 2084 968 2136 in
995 2084 1071 2137 caelo
1095 2084 1210 2151 iurgium
1229 2084 1296 2138 illud

161 2171 255 2224 initum
276 2172 312 2224 sit
330 2170 367 2238 (id
392 2169 464 2238 qrrod
484 2187 517 2224 ex
543 2171 634 2224 verbis
659 2171 700 2224 ‘ad
719 2171 818 2224 sidera‘
846 2170 880 2240 [r.
900 2169 926 2238 1]
946 2171 1089 2239 apparet),
1116 2170 1181 2224 deos
1201 2170 1296 2224 adesse

159 2265 243 2323 atque
277 2261 413 2310 certamen
450 2256 607 2322 conspicere
641 2272 691 2324 per
724 2272 753 2311 se
786 2261 864 2325 patet
896 2255 1064 2323 (praesentia
1096 2257 1206 2310 numina
1242 2273 1296 2311 non

159 2341 194 2395 de
214 2329 278 2396 love
295 2357 359 2408 uno,
377 2341 427 2395 sed
445 2342 480 2395 de
492 2343 601 2396 deorum
617 2341 700 2396 turba
718 2343 819 2397 dictum
837 2357 898 2396 esse
911 2341 1063 2410 praefero);
1082 2358 1171 2408 neque
1188 2343 1297 2410 gravior

159 2426 267 2481 ridetur
284 2426 352 2480 mihi
372 2442 433 2481 essa
453 2443 485 2480 ea
502 2442 556 2496 res,
575 2442 655 2495 quam
674 2429 767 2482 attulit
784 2428 971 2497 Schenkelins,
991 2444 1050 2482 cum
1069 2433 1097 2482 et
1113 2431 1296 2497 paraphrasin

159 2519 186 2566 et
204 2513 308 2566 Novum
326 2514 459 2567 Asianum
483 2513 546 2583 (IV,
574 2516 644 2582 hsq.
664 2530 690 2582 p.
717 2517 749 2567 61
770 2514 827 2585 Fr.)
852 2523 937 2570 testes
963 2529 1025 2568 esse
1051 2515 1202 2569 sententiae
1230 2531 1296 2570 suae

159 2598 256 2665 vellet;
278 2615 332 2666 qua
357 2614 388 2653 re
412 2601 480 2653 nihil
506 2600 581 2654 alind
599 2599 737 2655 lucramur
754 2601 805 2654 nisi
824 2602 898 2669 quod
916 2601 956 2654 eis
981 2601 1171 2668 temporibus,
1196 2601 1295 2668 quibus

159 2685 327 2739 imitamenta
350 2684 398 2738 illa
417 2686 570 2754 composita
588 2691 668 2754 sunt,
694 2687 747 2739 iam
768 2685 848 2740 ‘love’
867 2687 1012 2741 lectionem
1029 2687 1058 2740 in
1076 2686 1215 2741 codicibus
1233 2702 1295 2756 per-

160 2771 294 2837 scriptam
312 2770 397 2825 fuisse
417 2771 555 2840 docemur,
574 2772 651 2826 cuius
670 2772 711 2826 rei
729 2773 920 2840 multomagis
938 2773 1043 2828 idoneis
1061 2774 1178 2828 testibus
1198 2774 1296 2828 codici-

160 2855 212 2908 bus
229 2857 336 2922 optimis
360 2857 400 2910 uti
426 2873 587 2926 possumus,
615 2859 661 2926 qni
686 2859 769 2912 etiam
794 2859 931 2912 nonnullis
960 2859 1077 2913 saeculis
1103 2869 1166 2913 ante
1191 2861 1296 2913 exarati

160 2946 230 2994 sunt.
267 2941 367 2996 Contra
391 2943 509 3007 aliare,
534 2951 563 2998 ut
580 2945 724 2999 lectionem
744 2961 760 2998 a
780 2945 919 2999 codicibus
939 2944 1087 2999 exhibitam
1105 2945 1293 3014 reprobemus,

159 3043 213 3080 non
232 3026 313 3082 modo
332 3028 503 3098 adducimur,
522 3030 571 3084 sed
590 3033 670 3085 etiam
689 3031 828 3098 cogimur,
852 3046 933 3085 versu
951 3031 1021 3086 euim
1041 3031 1063 3084 V
1084 3046 1143 3084 cum
1163 3032 1232 3085 haec
1251 3047 1294 3083 ex-

159 3113 284 3180 posuerit
301 3114 438 3169 Asianus:

262 3203 386 3256 oonvenit
403 3203 476 3255 hanc
496 3203 587 3270 potius
605 3202 648 3254 liti
668 3201 820 3270 praefigere
838 3217 956 3271 causam,

262 3284 348 3353 pallia
365 3287 470 3343 nudato>
488 3288 649 3343 decutienda
668 3289 735 3357 viro,

158 3371 193 3424 ad
212 3372 303 3425 lovem
322 3379 352 3426 nt
379 3373 433 3427 litis
460 3374 592 3429 arbitrum
611 3389 659 3429 eos
683 3389 791 3429 causam
811 3374 941 3429 detulisse
959 3382 1040 3431 antea
1064 3391 1192 3430 narrasse
1209 3377 1293 3430 Aria·

158 3472 220 3510 num
244 3458 289 3512 rix
308 3459 456 3513 verisimile
475 3456 534 3527 est;
558 3475 619 3513 nam
647 3460 689 3514 illi
714 3466 762 3514 aut
778 3459 869 3514 lovem
887 3462 1040 3516 certaminis
1060 3460 1212 3530 praesidem
1230 3477 1292 3516 con-

159 3543 305 3612 stituerint,
326 3550 356 3597 ut
374 3545 398 3597 is
416 3560 541 3616 causam,
561 3548 590 3600 in
610 3562 664 3614 qua
682 3552 817 3601 certamen
835 3554 1007 3615 versaretur,
1032 3547 1181 3618 iudicaret,
1199 3555 1247 3601 aut
1263 3564 1294 3602 re

128 3674 130 3678 .
158 3629 193 3682 ad
212 3630 344 3684 arbitrum
370 3645 425 3684 non
444 3631 536 3686 delata
552 3634 604 3700 ipsi
623 3633 694 3686 inter
713 3648 743 3687 se
762 3633 939 3688 convenerint
957 3647 1070 3688 necesse
1089 3636 1132 3687 est
1151 3633 1184 3688 de
1202 3649 1293 3702 causa,

158 3713 185 3766 in
206 3730 260 3781 qua
285 3722 346 3770 uter
374 3716 495 3786 vicisset,
524 3719 640 3787 palmam
666 3719 758 3774 ferret.
793 3719 859 3773 Alia
883 3720 924 3772 rei
948 3719 1071 3773 condicio
1098 3734 1158 3774 esse
1184 3720 1294 3786 nequit,

158 3798 250 3868 itaque
269 3818 328 3856 cnm
349 3804 473 3858 codicum
496 3804 576 3860 lectio
595 3807 745 3861 sententiae
762 3813 911 3873 repugnet,
937 3814 985 3861 aut
1001 3806 1030 3859 iu
1049 3806 1132 3861 ‘love’
1150 3806 1184 3875 (v.
1202 3807 1229 3876 2)
1247 3812 1294 3860 ant

158 3885 186 3938 in
206 3887 349 3944 ‘convenit’
373 3893 407 3958 (v.
432 3892 459 3960 ὁ)
485 3890 579 3945 vitium
602 3891 688 3946 latere
714 3898 831 3961 oportet.
868 3893 971 3946 Verum
998 3891 1125 3959 quoniam
1150 3893 1293 3946 ‘convenit’

157 3972 269 4028 verbum
297 3976 398 4030 nullam
424 3978 598 4045 corruptelae
623 3978 740 4046 speciem
767 3978 896 4047 praebet,
923 3978 951 4031 in
976 3979 1057 4033 ‘love’
1075 3979 1127 4032 viri
1145 3978 1218 4033 docti
1236 3979 1292 4033 iam

156 4058 261 4128 pridem
289 4061 474 4132 offenderunt,
500 4065 529 4116 iu
552 4065 605 4119 hoc
633 4065 764 4120 uocabulo
787 4064 880 4120 sitium
906 4065 995 4119 inesse
1018 4069 1185 4130 statuemus;
1211 4073 1293 4134 atque

157 4145 326 4202 Lachmanni
346 4146 502 4204 obniectura
519 4153 677 4217 reponentis
701 4153 780 4207 ‘ioco’
797 4144 862 4204 ‘cum
881 4165 976 4205 omnes
997 4149 1174 4206 difficultates
1193 4152 1292 4207 tollan-

156 4239 216 4302 tur,
240 4236 303 4288 buic
321 4235 504 4291 emendationi
523 4237 590 4290 nihil
609 4248 666 4306 est,
694 4254 742 4292 cur
759 4255 813 4293 non
832 4238 1027 4305 assentiamur,
1052 4238 1212 4307 praesertim
1233 4255 1292 4293 cum

1068 4328 1085 4376 4
