2910 4928
632 383 847 446 ..44-

177 551 264 633 quod
289 551 433 633 ‘rogare’
479 551 569 629 Quae
596 551 685 616 notio
717 551 847 616 anullo
873 551 1069 635 scriptorum
1089 552 1313 616 Romanorum

176 661 319 726 admissa
347 666 397 727 est
417 662 480 727 nisi
502 662 544 727 ab
567 661 630 742 sis,
661 663 718 746 qui
738 661 844 728 medio
874 683 953 728 aevo
982 663 1142 744 floruere;
1170 685 1247 728 nam
1277 664 1314 729 in

175 773 308 855 regulae
331 773 424 839 Pauli
447 779 481 839 et
502 774 660 857 Stephani
680 775 788 858 capite
810 775 855 841 IV
875 775 1013 859 legimus
1035 775 1132 840 haec:
1159 775 1249 840 ‘nulli
1272 776 1313 840 li-

157 888 248 955 ceat
274 883 398 967 absque
420 886 542 950 Prioris
571 885 732 969 permissu
758 885 799 950 de
828 907 926 971 opere
953 887 1006 952 dei
1034 887 1218 968 discedere3
1251 887 1312 952 sed

175 1016 271 1078 quem
295 1017 394 1061 causa
413 996 587 1063 manifesta
610 996 810 1081 compulerit,
833 999 979 1064 oratione
1002 1020 1023 1063 a
1039 999 1152 1063 Priore
1176 1003 1312 1082 sperata

176 1111 209 1172 et
231 1129 385 1173 concessa
406 1109 577 1190 obtineat’3
605 1131 665 1175 nec
687 1110 806 1174 nonin
829 1110 973 1175 eiusdem
995 1110 1128 1192 regulae
1152 1109 1259 1193 capite
1282 1111 1312 1176 V

174 1225 304 1285 exstant
330 1220 453 1304 scripta
481 1219 578 1286 haec:
610 1228 679 1286 ‘nec
709 1221 793 1301 bini,
825 1243 885 1286 nec
906 1221 1008 1301 terni,
1039 1220 1097 1287 sed
1119 1221 1310 1302 singillatim

175 1336 331 1397 exeuntes
361 1333 541 1397 orationem
571 1333 721 1418 sperent?
770 1331 893 1397 Eadem
930 1333 1123 1415 significatio
1140 1412 1141 1416 Ἰ
1157 1333 1229 1397 voci
1260 1333 1311 1399 illi

175 1442 324 1508 subiecta
353 1448 403 1507 est
431 1444 464 1507 in
498 1445 655 1527 epistula,
693 1465 791 1528 quam
820 1443 886 1508 Leo
916 1444 1086 1528 episcopus
1114 1445 1310 1511 Senonensis

174 1556 273 1638 (saec.
296 1553 353 1637 VI)
366 1554 409 1618 ad
426 1554 669 1621 childebertum
687 1576 798 1638 regem
818 1555 925 1621 dedit:
949 1555 1016 1621 ‘ubi
1038 1578 1171 1640 sperare
1194 1556 1309 1640 digna·

175 1666 268 1745 mini,
290 1669 327 1729 ut
349 1664 391 1729 ad
416 1666 631 1732 ordinandum
655 1666 894 1732 Meoledeneem
914 1667 1110 1751 Episcopum
1134 1673 1191 1733 aut
1212 1690 1310 1751 prae-

173 1777 279 1841 sentia
295 1781 409 1842 nostra
422 1777 536 1844 adesse
554 1778 681 1859 debeat,
696 1779 963 1860 autconsensus’3
986 1800 1124 1844 necnon
1136 1780 1311 1863 inIosephi

173 1889 279 1953 Iscani
309 1887 388 1954 belli
417 1889 548 1954 Troiani
577 1890 650 1956 libr.
685 1890 730 1955 VI
757 1912 853 1956 versu
881 1895 944 1956 228
966 1889 1038 1984 ο(θό.
1068 1891 1098 1955 S.
1120 1891 1311 1956 Dresemius

174 2000 378 2065 Francofurt.
401 2020 430 2063 a.
455 2000 560 2083 1620).
604 2000 695 2064 Haec
715 2000 816 2083 igitur
832 2001 986 2084 sperandi
1007 2001 1095 2066 vocis
1114 2001 1310 2083 significatio

173 2111 279 2176 medio
303 2130 382 2175 aevo
413 2110 542 2176 videtur
570 2111 727 2194 viguisse,
758 2111 849 2175 cuius
877 2111 925 2175 rei
953 2111 1047 2175 initia
1069 2110 1249 2176 invenimus
1273 2113 1310 2177 in

173 2221 288 2287 Aviani
308 2221 438 2302 fabulis
463 2222 519 2305 qui
535 2222 620 2287 hanc
634 2221 903 2306 significationem
918 2226 976 2287 aut
996 2221 1066 2306 ipse
1082 2242 1218 2286 novasse
1240 2228 1310 2302 aut,

175 2332 210 2397 id
234 2334 321 2416 quod
349 2334 555 2400 verisimilius
576 2338 642 2414 est,
673 2355 713 2399 ex
736 2333 922 2418 aequalium
943 2355 1004 2400 usu
1032 2338 1186 2399 novatam
1197 2334 1222 2418 ¹)
1251 2334 1311 2398 ad·

171 2443 316 2508 hibuisse
339 2444 531 2510 statuendus
551 2449 609 2510 est.

82 2681 84 2685 y
242 2616 266 2684 1)
284 2614 409 2670 Fuerunt
427 2616 474 2683 qui
491 2616 566 2683 apud
585 2615 708 2669 Plautum
728 2629 837 2683 quoque
855 2616 937 2669 huius
954 2614 1163 2684 significationis
1181 2615 1310 2683 exempla

171 2700 288 2755 inveniri
306 2701 436 2770 dicerent,
454 2701 531 2756 cuius
549 2701 650 2757 emonis
668 2702 767 2755 auctor
785 2706 827 2754 est
844 2701 955 2756 Servius
973 2700 1186 2769 grammaticus,
1207 2700 1254 2768 qui
1272 2701 1309 2755 ad

172 2787 254 2855 Verg.
278 2788 346 2842 Aen.
372 2788 404 2855 Ι,
429 2789 480 2841 643
506 2787 576 2843 hacc
601 2787 743 2841 annotavit
764 2786 817 2855 (ed.
837 2787 869 2841 G.
888 2786 970 2843 Thilo
988 2787 1067 2855 Lips.
1092 2803 1117 2841 a.
1144 2789 1237 2856 1881):
1262 2787 1308 2856 ‘[si

172 2889 259 2942 genus
277 2873 424 2928 humanum
450 2878 478 2927 et
496 2874 624 2929 mortalia
649 2873 769 2928 temnitis
787 2890 877 2943 arma,
904 2875 943 2928 At
961 2880 1072 2942 sperate
1089 2873 1155 2928 deos
1174 2888 1309 2928 memores

172 2959 248 3014 fandi
267 2966 350 3028 atque
366 2959 489 3030 nefandi]
506 2959 619 3015 abusive
637 2959 739 3028 timete,
756 2966 787 3014 ut
803 2960 870 3014 alibi
888 2963 923 3029 (4,
942 2961 1002 3029 419)
1027 2960 1100 3012 hunc
1118 2975 1170 3028 ego
1189 2958 1212 3013 si
1229 2959 1308 3026 potui

171 3050 280 3100 tantum
293 3060 406 3113 sperare
416 3044 545 3114 dolorem,
560 3060 620 3099 cum
635 3060 777 3114 speremus
793 3046 876 3114 bona,
890 3046 1032 3101 timeamus
1045 3045 1169 3099 adversa.
1191 3044 1308 3100 Veteres

171 3136 263 3185 tamen
273 3146 385 3200 sperare
396 3130 534 3199 dicebant,
549 3130 662 3185 deorum
675 3131 778 3186 arixilia
789 3140 922 3200 spectare.
947 3131 1058 3186 Plautus
1073 3129 1103 3184 in
1115 3131 1204 3186 Milite
1214 3130 1270 3199 (IV,
1280 3131 1308 3198 5,

174 3219 233 3287 10):
247 3215 315 3271 deos
326 3214 443 3284 sperabo
457 3222 539 3283 teque
554 3222 694 3284 postremo
708 3224 808 3287 tamen,
828 3217 857 3270 in
868 3217 966 3272 Casina
984 3217 1036 3285 (II,
1056 3218 1081 3285 t,
1099 3217 1158 3285 37):
1178 3216 1229 3270 diis
1248 3232 1308 3270 sum

172 3299 273 3369 fretus,
293 3303 358 3357 deos
376 3301 563 3369 sperabimus'.
599 3303 701 3357 Contra
717 3304 769 3358 viri
786 3304 887 3359 eruditi
907 3303 1066 3358 Gulielmius
1084 3303 1200 3370 (quaest.
1219 3301 1307 3357 Plaut.

171 3387 200 3440 in
218 3387 308 3442 Oasin.
327 3403 349 3442 c.
370 3387 433 3456 IV),
456 3387 608 3443 Lambinus
633 3387 678 3455 (ad
697 3389 787 3444 casin.
815 3390 832 3443 l.
851 3392 902 3460 c),
926 3389 1121 3444 Taubmannus
1139 3387 1254 3457 (adnott.
1272 3386 1308 3441 ad

171 3473 189 3528 l.
208 3476 252 3542 c),
271 3474 425 3528 Gronovius
443 3473 558 3543 (adnott.
585 3474 620 3528 ad
638 3476 665 3528 h.
690 3474 719 3542 l.)
736 3475 777 3529 ita
794 3477 867 3529 hunc
885 3475 1013 3545 sperandi
1030 3474 1109 3526 verbi
1126 3489 1205 3528 usum
1222 3473 1307 3526 inter·

171 3559 273 3626 pretati
291 3564 370 3628 sunt,
395 3564 425 3613 ut
441 3559 514 3613 idem
533 3575 594 3614 esse
611 3559 735 3615 dicerent
753 3562 827 3630 quod
844 3562 881 3615 ‘in
900 3559 958 3614 deis
976 3558 1138 3626 confidere',
1157 3563 1239 3624 atque
1257 3574 1308 3624 per

171 3647 278 3713 ellipsin
296 3645 367 3698 hanc
384 3644 550 3700 locutionem
570 3650 728 3713 usurpatam
747 3663 807 3702 esse
827 3648 984 3702 statuerent
1000 3660 1067 3714 pro:
1086 3644 1152 3698 deos
1171 3641 1306 3711 propitios

171 3730 231 3786 fore
249 3746 338 3798 spero.
373 3731 468 3799 Neque
486 3732 552 3799 quin
569 3731 613 3785 his
626 3732 829 3786 assentiendum
848 3734 893 3798 sit,
911 3731 1022 3786 dubium
1040 3745 1101 3785 esse
1119 3734 1225 3797 potest3
1243 3744 1306 3782 nam

171 3818 193 3870 si
214 3817 368 3871 accuratius
387 3817 415 3870 in
440 3817 516 3872 locos
542 3817 604 3872 illos
623 3817 765 3871 Plautinos
790 3817 1028 3885 inquisiverimus,
1055 3814 1135 3868 facile
1152 3813 1307 3867 videbimus

171 3903 245 3956 nullo
253 3903 334 3957 modo
342 3919 400 3958 eam
408 3902 644 3970 significationem,
652 3919 733 3971 quam
741 3903 884 3957 voluerunt
895 3902 944 3968 illi,
957 3902 999 3956 his
1007 3900 1108 3956 locisin
1116 3899 1308 3954 illalocutione

170 3989 269 4044 inesse.
290 3989 346 4042 lam
354 3988 427 4043 utab
435 3989 475 4044 eis
484 3989 625 4057 exemplis,
633 4005 703 4057 quae
712 3985 1307 4055 attulitServius‚proficiscamur‚inCasinae

170 4076 294 4130 versibus
304 4075 407 4142 (Oasin.
419 4077 445 4143 2,
464 4079 490 4142 5,
508 4076 542 4128 34
560 4077 620 4143 sq.)‚
639 4090 698 4128 cum
709 4074 835 4147 Olympio
855 4073 888 4127 de
904 4073 982 4127 firma
1000 4088 1050 4142 spe
1070 4089 1103 4128 ac
1114 4073 1213 4127 fiducia
1228 4071 1306 4140 Lysi·

171 4160 244 4215 dami
261 4162 324 4230 (hoc
341 4176 477 4230 personae
494 4160 567 4215 illius
584 4176 681 4215 nomen
698 4175 766 4227 csse,
783 4176 838 4215 non
850 4158 1016 4216 Stalincnam
1035 4159 1129 4214 docuit
1140 4155 1306 4213 Ritschelius

170 4263 263 4317 opusc.
282 4246 339 4316 ΙΙΙ,
357 4264 384 4316 p.
404 4250 452 4301 321
466 4246 537 4316 sep),
555 4262 635 4314 quam
654 4246 701 4301 ills
720 4247 749 4300 in
767 4245 839 4301 forte
857 4245 1013 4315 collocaret,
1030 4262 1088 4301 rem
1106 4246 1176 4300 bene
1193 4247 1305 4298 eventu·
