2910 4928
614 339 830 444 417¹-

159 555 286 619 ratione
310 553 467 617 evincitur
481 557 579 634 atque
603 551 819 615 confirmatur.
866 551 960 616 Certe
976 550 1077 615 deleri
1095 552 1175 615 nihil
1192 539 1289 617 debet

157 705 197 712 -
218 687 295 730 num
319 666 435 729 statuis
459 664 589 744 eosqui
612 663 748 727 aliorum
765 663 867 727 libros
887 664 953 727 suis
975 663 1119 745 ipsorum
1141 663 1289 728 versibus

156 777 376 859 inquinavere,
399 774 563 838 addidisse
586 795 640 851 ca,
664 794 747 855 quae
770 794 810 837 ne
832 774 896 856 ipsi
918 773 1048 856 quidem
1069 775 1290 839 intellexerint

157 910 216 952 nec
239 888 410 970 quisquam
433 886 621 967 intellegere
644 886 771 968 possit?
800 923 842 931 -
864 884 921 948 sed
943 886 1051 968 potius
1074 886 1289 950 laborandum

158 1004 224 1078 est,
246 1004 285 1063 ut
305 998 433 1081 ingenio
457 1018 496 1061 ac
519 997 625 1061 studio
648 997 847 1076 inveniatur,
879 996 1073 1078 quibusnam
1097 998 1289 1081 corruptelis

157 1110 192 1174 hi
213 1130 325 1175 versus
350 1109 520 1193 depravati
542 1114 575 1172 et
597 1129 662 1190 qua
685 1108 812 1172 medela
834 1107 970 1172 sanandi
993 1109 1065 1172 sint.

244 1223 313 1286 Iam
337 1220 482 1285 eiusdam
503 1219 567 1284 loci
589 1221 623 1283 in
654 1240 748 1284 versu
770 1220 800 1282 X
823 1219 928 1284 altera
949 1221 1033 1284 inest
1055 1218 1200 1303 syllabae
1221 1222 1290 1284 lon-

161 1354 221 1415 gae
243 1333 349 1397 finalis
376 1332 547 1415 correptio,
570 1353 635 1413 qua
659 1331 756 1395 ‘velis'
780 1332 866 1395 vocis
889 1331 1003 1395 ultima
1022 1331 1205 1396 breviatur:

262 1445 328 1510 sive
350 1443 448 1508 decus
471 1443 560 1508 busti
581 1463 638 1507 seu
660 1443 738 1508 velis
761 1464 831 1507 esse
854 1442 958 1522 deum,

158 1577 256 1639 quam
275 1556 441 1619 licentiam
463 1561 499 1619 ut
521 1561 702 1619 removeret
724 1555 950 1619 Lachmannus
972 1555 1019 1618 ita
1043 1575 1171 1619 versum
1191 1557 1290 1620 corri-

159 1668 298 1750 gendum
321 1668 461 1732 censuit:
1155 1659 1158 1663 ’

262 1780 328 1842 sive
352 1779 450 1844 decus
472 1777 561 1842 busti
587 1799 644 1842 seu
666 1777 745 1842 deus
769 1799 840 1843 esse
861 1778 949 1857 velis,

161 1889 365 1954 Froebnerus
387 1891 472 1954 hanc
494 1889 666 1954 lectionem
688 1891 875 1954 coniectura
897 1890 1061 1953 inventam
1081 1891 1221 1974 recepit:

262 2003 328 2065 sive
354 2001 452 2066 decus
474 2001 562 2066 busti
582 2002 648 2066 sive
671 2001 796 2064 locasse
819 2001 923 2068 deum.

162 2113 224 2176 Sed
234 2112 296 2176 hae
313 2113 554 2177 emendationes
569 2113 697 2176 omnino
715 2134 975 2196 supervacaneae
992 2119 1084 2194 sunt3
1102 2135 1176 2177 nam
1188 2113 1293 2177 inboc

159 2245 254 2288 versu
285 2225 408 2288 nullum
441 2246 510 2288 esse
541 2224 653 2289 vitium
684 2225 815 2290 fabulae
837 2224 1022 2288 Babriauae
1039 2225 1131 2288 XXX
1152 2226 1292 2289 verqu

159 2334 398 2417 comprobatur.
444 2336 491 2400 Eo
514 2340 623 2399 autem
645 2337 747 2418 magis
770 2337 856 2401 bunc
877 2336 984 2400 locum
1004 2337 1168 2418 integrum
1188 2341 1225 2400 ut
1242 2358 1292 2400 re·

159 2445 342 2528 linquamus
366 2447 469 2510 altero
493 2447 635 2512 eiusdem
659 2448 706 2511 rei
730 2449 874 2530 cogimur
898 2447 1061 2533 exemplo:

263 2557 284 2621 f.
309 2563 337 2636 3,
361 2563 394 2622 6:
419 2580 532 2623 rursus
553 2559 585 2622 in
609 2558 759 2641 obliquos
781 2580 845 2623 neu
862 2559 941 2624 velis
962 2561 1010 2623 ire
1031 2558 1147 2642 pedes3

162 2689 257 2750 quem
280 2690 407 2734 versum
431 2670 603 2735 Witbofius
626 2671 812 2735 coniectura
834 2671 972 2735 tentavit
993 2671 1073 2734 bac:

262 2801 375 2844 rursus
398 2782 431 2844 in
452 2782 601 2865 obliquos
624 2803 664 2846 nc
686 2782 775 2847 iuvet
796 2783 844 2853 ire
866 2781 975 2865 pedes,

161 2891 366 2956 Froebnerus
385 2891 433 2954 ita
456 2894 605 2971 correxit,
627 2898 665 2956 ut
686 2893 861 2958 scriberet:

264 3024 377 3066 rursus
398 3003 432 3066 in
456 3003 604 3085 obliquos
626 3025 706 3067 neve
728 3008 821 3068 tuere
843 3004 952 3086 pedes,

162 3114 387 3178 Lachmannus
416 3136 492 3179 vero
521 3120 761 3198 pentametrum
789 3137 855 3179 una
885 3138 957 3181 cum
987 3117 1170 3198 insequenti
1195 3116 1293 3181 bexa-

160 3231 264 3289 metro
289 3225 391 3289 eiecit.
438 3225 501 3289 Sed
521 3225 607 3290 idem
636 3227 705 3290 fere
728 3227 816 3309 quod
841 3228 906 3291 iam
929 3228 1096 3312 superiore
1117 3228 1189 3292 loco
1213 3228 1294 3292 dixi-

162 3357 242 3415 mus,
267 3336 307 3399 de
327 3336 396 3399 cius
416 3336 503 3399 modi
516 3358 666 3402 versuum
688 3338 900 3403 eiectionibus
922 3339 1128 3403 statuendum
1152 3344 1217 3419 est;
1241 3360 1295 3402 ne-

165 3468 227 3529 que
249 3447 312 3511 hoc
334 3448 405 3511 loco
429 3429 601 3530 quisquam
625 3448 760 3513 audebit
783 3470 894 3514 versus
914 3450 987 3514 illos
1013 3450 1190 3533 expellere,
1223 3471 1295 3514 cum

162 3565 195 3623 et
217 3559 331 3642 optimi
354 3559 419 3622 sint
442 3565 474 3623 et
497 3580 569 3623 cum
601 3559 867 3626 antecedentibus
898 3567 930 3624 et
957 3581 1029 3625 cum
1051 3561 1296 3644 insequentibus

162 3671 343 3735 arctissime
368 3669 571 3734 cohaereant.
617 3671 687 3735 Hoc
708 3671 848 3737 libenter
861 3673 1066 3738 concedimus
1089 3694 1161 3737 eam
1183 3694 1295 3738 versus

160 3764 300 3846 formam
324 3802 407 3864 quae
430 3783 463 3846 in
495 3783 660 3847 codicibus
693 3789 829 3847 exarata
859 3789 908 3848 est
938 3785 1081 3868 intellegi
1109 3785 1162 3849 vix
1183 3805 1295 3868 posse3

162 3893 217 3973 qui
247 3895 331 3957 enim
363 3895 534 3976 quisquam
564 3893 672 3958 dicere
694 3899 819 3978 potest:
850 3897 892 3959 ‘in
919 3895 1068 3977 obliquos
1089 3896 1189 3980 pedes
1214 3896 1294 3960 ire‘l’

163 4004 255 4080 Quod
298 4025 369 4068 cum
399 4005 533 4070 vidisset
570 4004 780 4070 Schenkeliue
814 4008 863 4071 ita
894 4007 1131 4072 restituendum
1167 4030 1296 4072 versum

162 4115 303 4179 censuit:
385 4160 387 4166 -

265 4247 379 4289 rursus
402 4228 434 4289 in
458 4227 623 4310 obliquom
645 4251 708 4294 neu
733 4230 809 4294 velis
832 4230 880 4294 ire
902 4230 994 4314 pede,

893 4335 896 4341 '
1074 4337 1089 4386 2
