2910 4928
615 372 830 444 439..

155 553 313 618 habemus
341 553 375 615 in
404 551 536 616 fabulae
559 549 700 614 XXVIII
726 568 822 614 versu
840 547 901 626 IV,
932 547 988 630 qui
1009 568 1030 611 a
1052 546 1219 610 codicibus
1241 546 1289 610 ita

157 664 343 731 exhibetur:
836 673 839 680 '

258 774 401 841 rusticus
425 773 559 857 obliqua
581 771 749 838 succidens
772 790 894 836 cornua
914 768 999 834 falce

260 875 400 952 credidit
421 885 570 950 insanum
591 881 801 948 defremuisse
822 902 932 966 pecus.

158 996 367 1063 Defremendi
388 996 581 1062 vocabulum
595 999 728 1079 praeter
748 994 835 1060 huno
849 993 966 1058 Aviani
985 991 1093 1057 locum
1115 992 1149 1056 in
1165 992 1290 1057 Sidonii

160 1108 308 1193 epistulis
329 1108 469 1191 primum
490 1106 662 1186 invenitur,
683 1104 739 1188 qui
759 1105 899 1188 scriptor
921 1102 1115 1188 compluries
1136 1124 1215 1168 voce
1232 1104 1290 1169 illa

157 1241 236 1285 usus
258 1223 315 1298 est,
337 1217 425 1284 velut
446 1239 494 1302 ep.
520 1225 547 1298 l,
574 1224 610 1285 5:
632 1217 775 1282 nondum
797 1220 915 1281 cuncta
932 1214 1151 1280 thalamorum
1170 1236 1290 1298 pompa

157 1330 344 1411 defremuit;
375 1351 424 1414 ep.
448 1336 484 1409 9,
513 1336 548 1396 9:
569 1328 682 1400 ,donec
710 1327 855 1411 gentium
885 1327 1122 1392 concitatarum
1144 1327 1290 1410 procella

156 1442 369 1522 defremeret3
399 1461 448 1524 ep.
468 1447 507 1521 4,
536 1445 593 1506 12:
621 1441 740 1506 sensim
767 1439 819 1503 ira
840 1437 1022 1522 defremuit.
1067 1437 1150 1503 Sunt
1170 1443 1290 1519 tamen,

156 1553 245 1618 velut
266 1552 427 1617 Henricus
449 1552 532 1632 Keil,
555 1551 612 1634 qui
632 1551 699 1616 iam
717 1549 821 1616 Plinio
845 1550 1059 1635 epistularum
1080 1551 1207 1616 auctori
1227 1550 1290 1616 hoc

157 1662 350 1730 vocabulum
372 1663 536 1744 tribuant3
558 1683 634 1728 nam
654 1683 703 1747 ep.
724 1670 757 1743 9,
781 1668 831 1742 13,
854 1668 891 1728 4:
915 1667 983 1745 ‘ego
1006 1667 1039 1727 et
1058 1661 1235 1726 modestius
1257 1668 1291 1727 et

159 1775 360 1841 constantius
397 1774 576 1839 arbitratus
607 1773 875 1840 immanissimum
912 1793 1004 1838 reum
1034 1793 1099 1838 non
1130 1773 1290 1838 communi

157 1891 341 1970 temporum
361 1886 499 1966 invidia,
520 1885 579 1951 sed
598 1886 732 1969 proprio
754 1884 888 1950 crimine
908 1905 1036 1968 urgere,
1059 1905 1132 1948 cum
1152 1884 1219 1948 iam
1239 1906 1291 1949 sa·

157 1998 200 2062 tis
222 1998 346 2081 primus
365 1996 421 2062 ille
443 1997 584 2081 impetus
600 1996 826 2063 defremuisset
846 1997 889 2081 (f)
912 2000 946 2060 et
958 1995 1144 2079 languidior
1164 1996 1198 2059 in
1221 1995 1290 2061 dies

156 2110 207 2174 ira
235 2109 277 2172 ad
308 2109 467 2174 iustitiam
496 2108 648 2174 rediisset
650 2158 737 2188 .....
760 2108 855 2173 mitto
885 2108 928 2173 ad
949 2108 1117 2186 Anteiam,
1146 2126 1225 2189 rogo
1254 2113 1292 2172 ut

157 2221 267 2285 veniet
294 2224 328 2284 et
348 2219 493 2302 qu.sqq.'
524 2220 644 2286 codicis
666 2212 805 2284 Medicei
827 2219 1039 2298 auctoritate,
1071 2218 1128 2301 qui
1149 2219 1290 2284 omnium

158 2331 299 2415 optimus
322 2330 472 2410 habetur,
494 2330 739 2396 ‘defremuisset'
760 2330 1000 2415 comprobatur,
1023 2352 1097 2395 cum
1116 2331 1216 2396 ceteri
1238 2353 1290 2397 co-

159 2440 247 2506 dices
277 2446 376 2524 atque
406 2442 563 2508 editiones
591 2448 717 2509 veteres
745 2464 810 2508 uno
843 2464 1001 2509 consensu
1029 2442 1290 2509 ‘defervescendi'

93 2554 94 2559 ’
156 2553 291 2618 verbum
313 2553 490 2619 defendant
512 2575 617 2639 neque
639 2555 725 2620 ullus
746 2555 787 2621 ab
809 2555 872 2620 hoo
889 2553 1048 2620 vocabulo
1065 2554 1207 2635 recedat,
1228 2554 1291 2620 nisi

157 2665 244 2748 quod
270 2665 356 2729 inter
385 2664 507 2731 formas
545 2666 754 2732 ‘deservisset’
786 2672 819 2731 et
847 2664 1081 2731 ‘deferbuisset‘
1112 2665 1289 2748 ambigunt.

156 2777 278 2840 Verum
299 2776 377 2842 licet
396 2778 538 2860 optimus
561 2777 604 2843 sit
626 2777 768 2843 omnium
788 2776 873 2843 liber
894 2777 1075 2856 Mediceus‚
1107 2798 1148 2842 ne
1169 2777 1197 2840 is
1220 2776 1290 2859 qui-

158 2887 231 2952 dem
253 2887 340 2952 vitiis
354 2887 459 2970 iisque
472 2889 671 2972 gravissimis
686 2909 808 2954 vacuus
826 2893 884 2967 est,
906 2892 943 2952 nt
963 2909 1028 2954 non
1045 2892 1171 2953 tantam
1192 2887 1290 2953 fidem

158 2999 188 3063 ei
209 2998 397 3078 tribuerim,
420 2999 511 3066 cuius
534 3000 562 3064 si
583 2999 765 3065 rationibus
789 3021 830 3065 ex
848 2999 920 3084 ipsa
942 2998 1115 3064 verborum
1138 2999 1170 3064 vi
1192 3004 1290 3083 atque

157 3114 277 3175 natura
297 3110 409 3194 petitis
432 3111 596 3195 scriptura
617 3111 853 3195 redarguatur,
878 3109 994 3176 ceteris
1016 3111 1173 3194 neglectis
1196 3110 1291 3175 unius

157 3221 388 3286 auctoritatem
411 3243 538 3305 sequar.
583 3223 684 3307 Atqui
703 3222 790 3287 huno
812 3223 846 3286 in
863 3223 995 3288 modum
1017 3222 1071 3287 hio
1091 3221 1182 3287 locus
1205 3243 1291 3286 com-

156 3336 293 3415 paratus
315 3337 383 3414 est3
404 3355 480 3398 nam
502 3333 731 3418 reputantibus
751 3334 838 3417 apud
859 3335 983 3399 nullum
1007 3333 1199 3417 scriptorem
1220 3354 1290 3398 sae-

158 3443 230 3508 culo
253 3445 366 3527 quinto
388 3445 589 3528 superiorem
617 3445 679 3510 nisi
708 3445 771 3511 hoc
792 3445 887 3510 Plinii
915 3446 987 3510 Ioco
1011 3444 1122 3509 codice
1144 3444 1290 3509 Mediceo

158 3554 336 3619 exhibitam
360 3554 446 3619 hanc
467 3576 579 3620 vocem
598 3556 753 3637 inveniri,
779 3563 849 3622 tum
871 3557 976 3634 minus
997 3556 1031 3619 in
1056 3557 1291 3621 sententiarum
1324 3572 1326 3576 ⁴

158 3685 277 3731 nexum
299 3666 486 3746 convenire,
516 3688 588 3732 oum
609 3668 649 3733 de
670 3669 795 3753 impetu
817 3667 944 3732 dicatur
966 3671 999 3732 et
1020 3667 1121 3733 verba
1142 3668 1291 3751 proxima

158 3776 241 3841 haec
262 3777 344 3842 sint:
376 3782 419 3842 ‘et
438 3777 623 3861 languidior
652 3779 685 3842 in
709 3779 777 3845 dies
797 3780 848 3843 ira
869 3779 912 3844 ad
939 3779 1099 3844 iustitiam
1121 3779 1289 3859 rediisset',

159 3885 356 3959 ‘defremere’
370 3911 468 3972 quam
480 3889 730 3969 defervescere,
747 3891 885 3972 denique
901 3890 1049 3955 codicum
1063 3896 1245 3956 ceterorum
1258 3896 1291 3955 et

159 3996 336 4064 editionum
357 4006 504 4067 veterum
532 4002 674 4067 omnium
703 4023 862 4067 consensu
886 4001 1059 4066 lectionem
1082 4002 1289 4068 ‘deservisset’

159 4108 353 4192 confirmari,
377 4113 430 4176 vix
451 4112 586 4178 dubium
608 4112 702 4178 nobis
725 4114 788 4178 erit
810 4114 888 4195 quin
911 4112 1120 4183 ‘detersisset‘
1143 4114 1176 4178 in
1193 4114 1290 4178 Plinii

157 4221 330 4288 verborum
352 4228 539 4289 contextum
561 4225 765 4309 recipiamus.
