2910 4928
614 400 829 474 ‚19-

156 582 235 647 illud
258 581 346 664 ‘pro',
370 581 457 663 quod
480 581 583 644 estin
605 600 683 644 voce
706 579 941 662 profundens,
966 578 1170 662 producitur,
1204 592 1288 661 quae

157 694 289 758 ultimae
312 693 499 757 Latinitatis
519 695 691 775 poetarum
714 691 912 755 consuetudo
936 696 993 755 est.
1006 692 1032 775 1)

242 806 361 871 Verum
386 803 501 868 summi
523 802 677 866 momenti
698 802 760 865 boc
783 806 847 879 est,
881 801 967 883 quod
997 803 1194 885 pentametri
1224 821 1289 865 me-

157 917 244 980 diam
268 915 426 998 syllabam
447 913 535 978 baud
558 933 633 976 raro
656 912 807 976 licentius
823 913 964 976 Avianus
987 913 1113 991 habuit,
1138 934 1211 977 cum
1234 917 1291 975 aut

158 1028 285 1091 hiatum
308 1031 365 1090 aut
386 1025 517 1090 brevem
539 1023 696 1108 syllabam
719 1025 752 1087 in
774 1023 831 1087 illa
854 1023 930 1087 sede
953 1023 1150 1103 admitteret,
1174 1023 1291 1106 quibus

158 1137 297 1202 licentiis
325 1135 504 1200 observatis
538 1134 633 1199 facile
663 1135 794 1200 serioris
824 1136 895 1198 aevi
917 1139 1048 1217 poetam
1072 1134 1290 1218 deprenderis.

244 1249 313 1312 Iam
335 1247 473 1331 primum
499 1246 538 1310 de
561 1247 655 1310 biatu
677 1246 771 1311 nobis
802 1245 961 1329 agendum
984 1251 1050 1325 est,
1082 1246 1122 1310 de
1153 1266 1218 1328 qua
1239 1265 1292 1308 ra-

159 1361 247 1424 tione
271 1358 415 1423 affirmat
434 1357 469 1421 L.
492 1357 667 1421 Muellerus
690 1357 730 1420 de
753 1379 788 1422 re
812 1362 904 1422 metr.
927 1380 958 1440 p.
984 1362 1041 1420 311
1069 1357 1088 1421 i.
1111 1357 1180 1420 fin:
1208 1362 1292 1421 ‘ate

159 1472 275 1536 ceteris
298 1470 484 1534 abstinuere
507 1469 600 1533 biatu
626 1470 659 1532 in
682 1470 748 1533 arsi
771 1468 954 1533 adhibendo
978 1468 1183 1533 Tullius...
1198 1468 1291 1532 Avia-

230 1705 254 1768 1)
279 1701 358 1754 Hanc
382 1700 590 1768 productionem
615 1707 645 1755 ut
671 1718 704 1755 ex
730 1702 828 1756 Aviani
855 1700 947 1757 libello
972 1699 1076 1756 deleret
1104 1700 1292 1754 Lachmannus

158 1788 198 1843 ita
217 1801 323 1840 versum
342 1786 476 1842 restituit:

264 1873 337 1927 fama
355 1877 399 1927 est
416 1875 448 1926 ut
464 1873 598 1940 geminum
617 1889 671 1927 una
689 1873 857 1941 profundens
876 1873 954 1928 simia
971 1880 1089 1941 partum,

161 1974 241 2026 quam
262 1959 445 2013 coniecturam
463 1961 586 2026 recipere
606 1959 716 2026 linguae
734 1958 849 2012 Latinae
873 1958 963 2013 indole
986 1963 1116 2032 vetamur.
1152 1958 1244 2025 Atque
1265 1963 1295 2011 ut

159 2046 231 2097 hanc
248 2043 391 2099 lectionem
410 2043 586 2112 defenderet,
615 2043 806 2098 Lachmannus
831 2052 920 2099 motus
945 2049 987 2098 est
1007 2059 1040 2098 ea
1058 2060 1104 2110 re,
1129 2043 1201 2112 quod
1220 2045 1293 2112 apud

159 2129 289 2184 classicos
323 2145 485 2197 quamquam
519 2130 548 2182 in
574 2130 710 2184 nonnullis
734 2129 876 2184 vocabulis
912 2128 982 2184 illud
1006 2130 1074 2198 ‘pro'
1100 2144 1294 2198 usquequaque

159 2217 335 2285 producitur,
360 2215 388 2268 in
412 2216 551 2283 pIerIsque
576 2221 667 2269 tamen
685 2231 790 2284 semper
810 2217 970 2283 corripitur,
999 2215 1076 2270 cuius
1095 2216 1137 2268 rei
1154 2217 1234 2270 testis
1254 2223 1296 2270 est

160 2301 262 2356 Gellius
281 2303 364 2369 (noct.
383 2307 432 2355 att.
449 2300 485 2367 11,
505 2304 556 2367 17).
588 2303 679 2368 Atque
699 2302 726 2354 in
741 2302 824 2355 verbo
842 2299 1026 2368 profundendi
1039 2301 1107 2370 ‘pro'
1126 2302 1295 2370 praepositio

161 2400 268 2454 semper
288 2385 429 2440 breviatur
447 2387 569 2454 exceptis
587 2387 676 2440 tribus
694 2387 761 2441 locis
779 2387 854 2455 apud
875 2386 1010 2440 Catullum
1029 2387 1086 2454 (64,
1105 2388 1182 2456 202),
1209 2387 1294 2441 Luca·

159 2487 223 2524 num
242 2471 321 2539 (VII,
349 2472 423 2540 159),
449 2470 626 2526 Claudianum
653 2474 711 2540 (47,
739 2474 780 2543 14)
807 2473 985 2528 exstantibus.
1023 2473 1182 2528 Observavit
1206 2479 1294 2526 autom

160 2556 308 2611 Muellerus
334 2557 377 2621 (de
396 2573 426 2612 re
445 2566 520 2612 metr.
539 2574 566 2626 p.
588 2560 648 2628 363)
668 2563 750 2626 atque
774 2558 906 2626 exemplis
933 2559 1072 2627 congestis
1101 2559 1296 2613 demonstravit

160 2643 235 2710 apud
270 2652 366 2712 poetas
400 2643 562 2700 christianos
594 2644 666 2698 hanc
697 2645 920 2713 productionem,
954 2660 1024 2713 quae
1054 2645 1194 2698 rorissIma
1225 2645 1296 2711 apud

161 2728 289 2782 classicos
307 2728 451 2797 invenitur,
472 2730 558 2797 magis
576 2730 718 2796 magisque
739 2731 869 2798 viguisse.

232 2814 407 2868 Contrarium
425 2821 515 2870 autem
534 2815 615 2868 huius
634 2814 748 2868 rationis
767 2814 920 2883 exemplum
938 2821 1045 2869 exstare
1063 2815 1297 2870 verisimilitudine

161 2900 277 2966 quadam
296 2904 326 2952 ut
345 2902 496 2954 statuamus
515 2900 683 2954 adducimur.
721 2899 844 2954 Fabulae
862 2901 932 2954 enim
948 2901 1042 2954 XXIII
1061 2916 1156 2955 versus
1176 2901 1188 2953 I
1206 2901 1234 2953 in
1253 2915 1296 2953 co·

161 2985 268 3040 dinibus
288 2986 327 3039 sic
347 2986 506 3042 exhibetur:

264 3071 390 3126 venditor
408 3070 540 3138 insignem
559 3071 680 3124 referens
699 3069 731 3124 de
751 3087 885 3127 mmmore
906 3071 1052 3137 Bacchum,

162 3166 192 3211 ut
209 3156 290 3211 facile
309 3156 497 3224 intellegamus
509 3155 536 3208 in
548 3172 615 3210 voce
629 3155 778 3224 referens,
800 3158 902 3225 quippe
921 3172 990 3224 quae
1002 3158 1030 3211 in
1048 3157 1119 3212 hanc
1137 3157 1296 3211 sententiam

161 3258 215 3335 pon
234 3242 362 3309 quadret,
388 3241 482 3296 vitium
499 3242 593 3296 latere.
630 3241 707 3308 Quod
734 3258 794 3297 cum
812 3242 957 3309 vidissent,
977 3242 1165 3298 Lachmannus
1183 3242 1297 3311 c'umquo

162 3335 271 3383 secutus
290 3326 465 3382 Froehnerus
484 3334 680 3395 reposuerunt:

265 3414 390 3468 venditor
409 3414 543 3482 insignem
562 3421 621 3468 arte
640 3412 730 3468 ferens
750 3414 783 3469 de
801 3428 934 3468 marmore
952 3414 1099 3481 Bacchum,

163 3515 232 3566 quae
258 3498 339 3553 lectio
363 3515 526 3569 quamquam
552 3499 705 3554 sententiae
731 3499 840 3568 egregie
865 3498 1018 3567 satisfacit,
1046 3500 1187 3567 aliquanto
1208 3509 1298 3554 tamen

162 3584 302 3638 difficilior
319 3585 425 3639 videtur
444 3601 513 3653 esse,
533 3590 563 3639 ut
581 3585 671 3652 magis
691 3584 880 3653 praeferamus
900 3599 970 3652 quae
988 3584 1160 3652 simplicitate
1181 3591 1208 3638 et
1227 3599 1296 3641 com·

161 3671 319 3726 mutationis
345 3672 457 3726 lenitate
485 3670 687 3726 commendatur
714 3670 869 3725 Schenkelii
897 3671 1112 3725 emendationem
1137 3670 1297 3725 scribentis:

162 3757 323 3824 ‘proferens'
349 3763 507 3824 comparato
531 3757 579 3810 illo
600 3757 708 3811 Horatii
734 3756 795 3811 Ioco
825 3758 914 3823 (carm.
940 3755 994 3822 IV,
1020 3758 1052 3824 8,
1078 3758 1118 3826 6);
1143 3772 1211 3822 quas
1230 3758 1298 3824 (scil.

164 3845 250 3909 artes)
267 3850 314 3897 aut
333 3843 498 3897 Parrhasius
526 3843 639 3910 protulit
667 3850 714 3897 aut
733 3842 844 3910 Scopas.
882 3842 967 3909 Quam
993 3844 1136 3897 lectionem
1159 3842 1182 3894 si
1200 3843 1298 3910 proba-

163 3928 277 3981 verimus
296 3959 327 3968 -
347 3945 379 3983 ac
396 3928 523 3998 profecto
540 3945 665 3996 magnam
680 3944 713 3982 ea
731 3928 815 3984 habet
831 3927 1033 3996 probabilitatis
1052 3929 1169 3996 speciem
1186 3957 1228 3995 -‚
1246 3934 1297 3982 sta·

163 4015 271 4066 tiramus
290 4029 399 4068 necesse
418 4025 459 4069 est
477 4016 545 4083 ‘pro’
564 4013 797 4083 praepositionem
824 4015 990 4083 corrIpuisse
1008 4013 1141 4067 Asianum
1167 4015 1299 4068 adversus

165 4099 341 4152 classicorum
360 4106 501 4168 poetarum
519 4100 594 4169 leges
612 4100 797 4169 metricas,qui
815 4115 1013 4169 usquequaque
1031 4098 1166 4168 producta
1186 4101 1214 4152 in
1233 4117 1299 4154 vocs

163 4184 322 4252 proferendi
349 4186 397 4239 illa
429 4193 541 4239 utuntur
565 4186 684 4256 syllaba3
718 4201 798 4255 quam
831 4187 965 4239 rationem
995 4186 1135 4240 metricam
1159 4197 1299 4254 poetarum

164 4270 371 4325 christianorum
391 4286 452 4326 csse
471 4271 620 4327 Muellerus
638 4272 682 4340 (de
700 4288 730 4326 re
747 4278 823 4326 metr.
843 4288 870 4340 p.
893 4272 954 4338 363)
973 4272 1136 4326 observavit.

1055 4359 1095 4412 2*
