2910 4928
616 420 656 430 -
704 364 742 445 1'5
787 416 827 428 ..

158 554 392 637 interpolatore
416 552 557 636 quodam
573 550 720 616 subditos
742 572 812 614 esse
832 552 972 630 censuit;
995 572 1034 614 ac
1051 555 1138 614 certe
1161 550 1289 616 infimae

158 666 344 731 Latinitatis
360 665 443 729 haec
462 665 596 748 propria
612 668 688 727 sunt
701 682 806 745 neque
829 665 904 726 ante
926 662 1103 726 Ausonium
1124 664 1290 745 reperiun-

157 782 211 841 tur
224 779 266 861 1);
302 776 359 840 sed
389 776 430 841 ab
454 795 491 838 1ο
518 779 665 857 tempore
693 773 776 837 haec
804 773 937 837 licentia
965 773 1098 856 irrepsit
1127 773 1289 856 pauloque

156 893 232 972 post
253 888 356 970 viguit
366 887 403 970 ²).
447 887 563 968 ltaque
582 886 704 949 maiore
729 885 878 949 cautione
901 888 1000 966 atque
1023 884 1191 950 subtiliore
1215 905 1289 949 con-

158 999 354 1064 sideratione
381 999 408 1061 si
432 998 570 1075 utimur,
602 996 650 1060 ita
669 996 763 1061 nobis
788 995 1060 1079 progrediendum
1083 1002 1147 1074 111,
1176 1001 1229 1075 11,
1262 997 1291 1060 si

158 1110 242 1174 aliae
283 1115 415 1194 praeter
457 1109 546 1173 illam
591 1107 801 1173 difficultates
845 1107 1090 1191 inexplicabiles
1130 1108 1163 1171 in
1209 1108 1289 1172 locis

158 1221 223 1285 illis
245 1222 357 1300 insint,
379 1220 439 1285 hos
460 1241 572 1285 versus
596 1219 760 1284 deleamus
783 1224 881 1301 atque
903 1239 923 1283 a
946 1219 1103 1302 scriptore
1126 1218 1290 1284 abiudice-

158 1354 244 1413 mus3
285 1353 396 1397 verum
423 1332 450 1397 si
479 1331 586 1396 omnia
615 1331 698 1396 bene
736 1330 917 1414 procedant
944 1350 1050 1412 neque
1086 1330 1158 1395 aliis
1195 1330 1288 1394 simul

156 1443 254 1508 rebus
277 1444 418 1527 suspicio
436 1448 606 1508 moveatur
619 1463 747 1506 versum
762 1441 965 1525 suppositum
988 1463 1067 1520 esse,
1091 1441 1120 1506 ei
1141 1443 1290 1524 tempori,

157 1575 221 1636 quc
242 1555 325 1620 tales
348 1556 456 1620 resin
478 1576 571 1618 usum
593 1554 734 1632 veniunt,
758 1558 908 1618 auctores
933 1552 1165 1632 attribuamus3
1193 1573 1291 1634 quam

157 1664 200 1729 ad
223 1667 445 1748 quaestionem
468 1664 705 1749 profligandam
728 1685 768 1728 ex
790 1664 976 1728 revidetur
999 1685 1085 1742 esse,
1112 1665 1204 1729 utin
1227 1665 1291 1729 sin·

158 1775 250 1858 gulos
271 1776 361 1841 locos
392 1777 576 1841 accuratius
607 1776 809 1858 inquiramus
832 1781 950 1857 etque
973 1775 1043 1839 iure
1066 1774 1291 1840 Lachmannus

157 1906 212 1950 eos
235 1888 326 1952 uncis
347 1887 515 1952 incluserit
535 1886 711 1951 videamus.

243 1999 312 2062 Iam
334 2003 371 2063 ut
392 1998 637 2081 proficiscamur
660 2018 680 2061 a
703 1996 835 2062 fabulae
858 1997 904 2061 XI
926 1997 1072 2062 versibus
1094 1997 1140 2061 IX
1163 2002 1196 2062 et
1218 1997 1264 2061 X:

259 2109 370 2192 dispar
392 2113 464 2175 erat
482 2108 590 2192 fragili
616 2113 648 2173 et
669 2108 793 2174 solidae
817 2108 991 2174 concordia
1011 2116 1128 2187 motus,

258 2223 483 2303 incertumque
504 2240 607 2303 vagus
631 2219 735 2284 amnis
756 2218 903 2285 habebat
923 2221 994 2299 iter,

156 2331 219 2395 hoc
241 2331 403 2396 distichon
425 2337 464 2396 ut
491 2331 699 2414 nugatorium
721 2330 947 2396 Lachmannus
970 2332 1080 2412 eiecit3
1113 2351 1217 2414 neque
1240 2337 1291 2396 ta-

158 2462 232 2506 men
264 2441 298 2505 id
329 2463 605 2526 supervacaneum
636 2447 687 2506 est
708 2441 806 2520 adeo,
837 2447 874 2506 ut
904 2463 941 2507 eo
973 2443 1185 2527 supersedere
1215 2463 1292 2525 que·

158 2573 258 2631 amus,
277 2554 397 2637 quippe
409 2574 473 2636 quo
487 2554 530 2618 ad
542 2553 791 2636 intellegendam
802 2554 903 2619 totius
918 2554 1050 2620 fabulae
1070 2553 1290 2619 condicionem

156 2664 440 2746 narrationemque
472 2687 556 2748 quae
589 2664 774 2730 necessaria
796 2669 871 2730 sunt
903 2671 1114 2748 exponantur.
1159 2665 1291 2749 Dispari

157 2775 241 2838 enim
270 2795 400 2839 aeream
424 2780 456 2840 et
479 2776 601 2840 luteam
633 2776 731 2840 ollam
754 2796 851 2840 cursu
880 2777 899 2840 i.
923 2798 948 2840 e.
972 2777 1099 2842 diuersa
1122 2777 1289 2841 celeritate

159 2905 246 2967 aqua
267 2884 347 2949 ferri
368 2905 433 2949 non
454 2906 512 2969 per
542 2907 576 2950 se
605 2887 711 2968 ipsum
732 2890 825 2968 patet
846 2907 951 2969 neque
974 2861 1122 2953 omnibus
1143 2893 1212 2952 tam
1233 2907 1290 2951 no·

157 2999 226 3059 tum
250 3000 308 3074 111,
331 3001 367 3060 11
389 2995 452 3060 hoc
475 3001 609 3080 apceta
629 2995 776 3060 additum
797 2998 1005 3080 nugatorium
1028 3002 1126 3079 atque
1145 2997 1290 3081 ineptum
1371 3030 1375 3038 ·

157 3106 216 3186 sit,
249 3106 365 3171 deinde
389 3128 462 3172 curn
489 3113 601 3172 narret
627 3113 726 3191 poeta
747 3108 908 3173 incertum
935 3109 999 3172 iter
1020 3129 1146 3174 amnem
1167 3109 1290 3174 habere

158 3217 177 3279 i.
204 3238 230 3280 1.
255 3217 434 3281 flexuosum
450 3219 675 3298 essefluvium,
698 3218 859 3300 quomodo
875 3218 946 3283 fieri
964 3221 1116 3303 potuerit,
1138 3220 1290 3301 illustrat,

158 3332 217 3416 ut,
241 3347 437 3408 quamquam
461 3326 588 3392 diversa
610 3329 776 3394 celeritate
807 3329 891 3393 ollae
919 3329 1072 3395 fluctibus
1100 3330 1290 3414 agebantur,

158 3437 339 3521 periculum
356 3442 450 3516 esset,
474 3458 514 3502 ne
534 3440 620 3504 inter
643 3459 677 3504 se
700 3439 898 3519 colliderent,
920 3441 1031 3523 itaque
1054 3461 1150 3506 aerea
1171 3447 1290 3506 testam

157 3553 304 3613 moneret
314 3549 350 3631 ³),
373 3569 412 3612 11
434 3569 536 3633 prope
558 3549 615 3614 sed
634 3549 798 3632 longiusa
820 3571 855 3615 11
876 3552 940 3617 1111
962 3551 1094 3619 1111111.
1140 3553 1290 3618 Ceterum

159 3660 256 3725 etiam
280 3680 318 3724 ea
340 3679 385 3739 re,
409 3660 497 3742 quod
518 3661 664 3726 inversu
680 3661 740 3726 VII
760 3662 880 3746 legitur
903 3664 1039 3743 ι111111,
1062 3664 1233 3743 indicatur,
1256 3666 1290 3727 in

228 3894 252 3959 1)
273 3888 308 3945 cf.
327 3890 394 3944 Luc.
414 3891 532 3946 Mueller
551 3892 584 3946 de
602 3907 631 3946 11
649 3899 725 3949 metr.
744 3909 772 3961 p.
791 3894 841 3947 341
864 3907 906 3962 sq.

227 3976 252 4043 2)
271 3977 374 4031 Auson.
392 3976 468 4046 idyll.
490 3980 530 4046 11,
549 3980 597 4045 54;
618 3978 725 4033 Ennod.
745 3993 829 4033 carm.
848 3979 884 4047 II,
905 3981 963 4047 136,
981 3980 1005 4031 8.

226 4059 253 4129 3)
271 4059 413 4128 legendum
439 4077 514 4118 esse:
541 4062 662 4119 ‘iubebat
686 4065 786 4119 sociam
812 4064 920 4132 longius
944 4066 983 4118 ire
1000 4065 1093 4132 viam’,
1117 4064 1190 4119 infra
1213 4065 1289 4120 doce·

157 4144 255 4199 bimus.
