2910 4928
709 387 921 446 ..54-

248 553 376 617 videtur
398 552 515 632 fuisse,
538 573 603 635 qua
625 574 661 615 re
682 552 786 632 idem,
818 553 904 635 quod
927 555 991 616 iam
1013 553 1143 635 saepius
1164 551 1385 633 cognovimus,

249 664 491 730 demonstratur
528 663 658 728 infimae
695 664 883 730 Latinitatis
923 664 1125 748 temporibus
1163 664 1386 729 fabulatorem

247 777 338 841 illum
361 775 518 840 floruisse.

333 887 402 952 Nec
425 887 531 953 minus
551 888 692 971 probata
710 887 854 970 tritaque
875 888 941 951 alia
964 888 1172 968 constructio,
1193 908 1278 970 quae
1300 887 1385 952 iufe-

247 999 344 1064 rioris
365 1004 494 1064 tantum
516 999 587 1063 aevi
608 1003 667 1078 est,
690 999 814 1063 Avieno
836 998 965 1063 videtur
987 999 1106 1078 fuisse,
1138 999 1259 1083 qnippe
1283 1020 1384 1082 quam

249 1115 366 1194 quater
387 1111 420 1175 in
442 1115 510 1175 tam
532 1111 650 1192 exiguo
664 1110 775 1175 libello
792 1109 976 1191 admiserit3
1000 1111 1072 1175 dico
1096 1111 1180 1176 enim
1202 1111 1385 1176 dictionum

248 1222 537 1288 conformationem
560 1243 641 1303 eam,
663 1243 730 1305 qua
751 1221 895 1288 averbis
910 1220 1070 1288 sentiendi
1084 1223 1136 1288 vel
1157 1222 1286 1287 dicendi
1306 1245 1384 1289 con·

246 1335 443 1400 iunctionem
482 1333 587 1419 ‘quod’
627 1355 700 1399 cum
732 1334 916 1417 insequenti
951 1333 1155 1399 coniunctim
1186 1336 1384 1418 pendentem

246 1445 341 1527 fecit3
378 1445 418 1510 de
459 1467 525 1529 qua
561 1450 727 1512 structura
759 1445 908 1511 conferas
935 1445 1047 1527 velim,
1082 1466 1167 1528 quae
1202 1446 1385 1530 disputarit

247 1558 432 1640 Draegerus
454 1557 581 1642 (histor.
599 1558 722 1642 Syntax
745 1557 775 1622 d.
797 1558 854 1623 lat.
876 1557 947 1641 Spr.
969 1558 1001 1622 Π
1023 1580 1054 1642 p.
1078 1563 1139 1624 223
1154 1560 1246 1643 sqq.).
1285 1559 1385 1643 Apud

247 1669 407 1735 Asianum
429 1674 539 1735 autem
561 1669 709 1754 exempla
729 1668 888 1735 habemus
908 1670 1006 1735 haec:

350 1781 371 1845 f.
398 1788 425 1862 1,
451 1788 466 1846 1
480 1803 544 1865 sq:
567 1780 691 1846 rustica
707 1780 879 1847 deflentem
894 1803 1032 1865 parvum
1045 1783 1233 1865 iurgaverat
1247 1783 1271 1867 ι)
1294 1782 1384 1863 olim,

555 1893 590 1958 ni
610 1898 728 1973 taceat,
750 1893 866 1959 rabido
889 1894 976 1977 quod
998 1893 1084 1959 foret
1106 1915 1181 1960 esca
1200 1894 1287 1977 lupo.

350 2003 371 2068 f.
388 2010 417 2084 6,
431 2010 449 2070 3
461 2027 547 2089 sqq:
564 2005 607 2069 ad
618 2026 753 2088 superos
768 2005 866 2070 colles
879 2005 1084 2088 herbosaque
1096 2010 1193 2088 prata
1211 2026 1384 2072 recurrens

555 2116 720 2182 mulcebat
740 2117 876 2181 miseras
898 2116 1031 2199 turgida
1052 2137 1134 2180 rana
1155 2117 1252 2197 feras,

556 2228 889 2312 callidaquodposset
898 2227 1051 2311 gravibus
1059 2249 1250 2294 succurrere
1259 2230 1384 2296 morbis

555 2346 589 2405 et
609 2341 710 2405 vitam
729 2339 857 2423 ingenio
880 2341 1069 2405 continuare
1091 2361 1159 2405 suo.

349 2451 371 2516 f.
394 2457 444 2533 25,
469 2458 507 2517 15
522 2473 584 2535 sq:
605 2451 743 2536 perdita,
767 2452 913 2536 quisquis
929 2453 1001 2532 erit,
1022 2452 1195 2536 posthaec
1215 2452 1383 2537 benepal-

965 2563 1011 2627 lia
1033 2562 1155 2643 credat,

557 2676 613 2758 qui
626 2680 723 2759 putat
744 2676 778 2739 in
798 2674 931 2758 liquidis
954 2674 1042 2758 quod
1063 2680 1155 2740 natet
1175 2697 1258 2740 urna
1279 2675 1382 2742 vadis.

350 2788 370 2852 f.
395 2794 445 2868 35,
471 2794 566 2871 lsq.:
590 2787 678 2852 fama
700 2792 758 2866 est,
780 2788 868 2870 quod
888 2788 1049 2870 geminum
1064 2788 1264 2871 profundens
1287 2788 1382 2853 simia

966 2906 1098 2984 partum

556 3010 680 3076 dividat
700 3012 734 3074 in
755 3011 863 3077 varias
884 3013 1023 3095 pignora
1043 3018 1123 3077 nata
1143 3013 1238 3078 vices.

246 3123 306 3188 His
328 3129 416 3188 certe
436 3123 526 3202 locis,
550 3123 627 3206 quin
643 3123 731 3187 ultra
750 3129 903 3205 quartum
920 3125 1084 3190 saeculum
1102 3125 1216 3190 Aviani
1238 3128 1380 3188 aetatem

247 3235 429 3315 evehamus,
452 3234 678 3318 prohibemur3
702 3256 777 3300 nam
795 3235 878 3301 haec
901 3237 1098 3302 constructio
1123 3237 1185 3301 etsi
1206 3236 1271 3301 iam
1292 3236 1380 3319 apud

317 3392 341 3457 1)
360 3389 453 3445 codd:
478 3389 631 3457 iuraverat;
656 3389 840 3445 Gabeliavins:
868 3392 1039 3460 iurgaverat,
1058 3406 1138 3458 quam
1160 3390 1379 3446 emendationem

245 3476 351 3545 recepit
369 3476 552 3530 Froehnerus.
588 3475 708 3530 Eandem
727 3492 792 3532 vero
812 3481 843 3531 ut
861 3493 878 3532 a
896 3478 1005 3546 linguae
1024 3477 1138 3532 Latinae
1156 3476 1246 3531 indole
1264 3476 1380 3530 alienam

244 3562 342 3616 reiecit
359 3561 489 3616 Aemilius
508 3562 650 3617 Baehrens
667 3561 790 3629 (miscell.
810 3563 870 3617 crit.
890 3581 917 3633 p.
937 3566 1013 3630 180),
1037 3579 1096 3617 cum
1115 3562 1235 3629 ‘iurgare
1254 3562 1379 3627 aliquem’

245 3648 389 3702 lectionem
413 3662 564 3716 agnoscere
582 3650 759 3705 Latinitatem
785 3654 906 3718 negaret.
942 3652 1071 3704 Attamen
1089 3648 1219 3701 Horatius
1236 3645 1285 3699 illa
1302 3645 1379 3699 locu·

245 3733 319 3789 tione
338 3748 404 3786 usus
422 3741 464 3788 est
482 3739 533 3791 sat.
552 3734 587 3803 ΙΙ,
605 3737 630 3803 2,
648 3737 682 3788 99
692 3750 751 3803 sq:

554 3821 621 3889 iure,
638 3821 737 3889 inquit,
755 3820 886 3875 Trausius
903 3819 964 3873 istis

721 3920 734 3957 e
805 3921 812 3934 .

253 3991 307 4042 quo
327 3974 388 4029 loco
413 3977 440 4029 in
457 3974 505 4029 illa
531 3906 794 4029 loldiitgiiiiihreinrichis
806 3946 943 4027 bectantia
965 3977 1007 4026 est
1033 3985 1103 4039 quae
1121 3970 1174 4024 hoc
1192 3973 1287 4027 Aviani
1306 3973 1379 4041 loco,

245 4065 276 4115 ut
292 4060 399 4116 valeat:
418 4061 581 4128 obiurgare;
600 4063 744 4126 praeterea
756 4058 808 4111 hac
822 4074 850 4111 re
862 4058 1008 4112 Cabeliavii
1022 4058 1180 4112 coniectura
1190 4059 1380 4126 confirmatur,

153 4140 155 4145 ’
245 4145 319 4215 quod
342 4146 437 4202 eodem
463 4146 530 4200 vitio
558 4144 712 4213 perscripta
736 4144 863 4212 leguntur
889 4144 917 4198 iu
936 4144 1008 4199 libro
1027 4145 1062 4198 P:
1087 4145 1202 4202 temina:
1230 4146 1248 4200 f.
1270 4148 1318 4214 15,
1346 4149 1379 4212 7;

243 4233 327 4287 iuria:
347 4232 365 4286 f.
385 4233 426 4299 19,
443 4235 468 4284 2.
