2910 4928
621 351 835 413 ..27-

160 520 252 598 inde,
281 519 368 602 quod
388 525 456 584 tam
480 539 577 602 saepe
599 539 659 602 pro
680 525 748 582 tam
770 517 886 600 exiguo
908 538 1059 582 versuum
1081 538 1215 583 numero
1235 516 1296 583 has

160 632 309 696 licentias
338 631 483 710 admisit,
514 635 604 695 certa
635 629 839 694 conclusione
868 627 996 694 efficere
1026 650 1197 713 possumus
1220 637 1296 695 ante

161 748 342 808 extremum
365 742 529 807 saeculum
560 745 713 824 quartum
736 739 894 805 Avianum
914 761 979 805 non
1001 740 1158 805 floruisse.
1203 741 1296 820 Quod

160 860 197 920 ut
209 853 394 920 accuratius
405 853 649 938 perspiciamus,
661 851 746 916 hanc
759 850 906 917 tabulam
919 851 1152 931 subiunximua
1174 852 1208 916 in
1231 873 1296 935 qna

161 966 289 1049 quoties
298 964 439 1029 licentiis
447 963 511 1029 illis
520 963 760 1047 singulipoetae
771 962 972 1042 indulserint,
982 963 1263 1048 perscriptumest.
1271 964 1295 1046 ¹)

569 1128 804 1230 syllataatrevas
815 1128 1002 1251 producuntur-l
1019 1159 1108 1217 litatus
1130 1159 1280 1216 admittitur

294 1298 428 1356 ductores

161 1575 351 1658 Propertius

162 1683 247 1743 auct.
258 1699 356 1742 carm.
367 1679 401 1742 in
409 1677 553 1742 Maeuios
639 1681 653 1740 l

161 1784 245 1930 augt.
262 1801 360 1845 carm.
378 1781 418 1846 de
434 1780 504 1845 init.
521 1785 554 1845 et

226 1888 254 1930 n.
279 1887 341 1930 am.
433 1928 436 1932 ,

160 1970 321 2035 Martialis
440 1972 443 1973 ⁷

160 2073 337 2138 Pentadius

160 2174 560 2260 OptatianusPcrphyrius
634 2163 854 2240 3*—

159 2285 244 2344 auct.
280 2301 378 2344 carm.
417 2279 457 2344 de
493 2300 552 2344 ave

202 2365 363 2430 Phoenice

159 2469 320 2533 Ausonius

159 2572 356 2637 Claudianus

159 2672 354 2738 Prudentius

158 2775 340 2840 Martianus
363 2767 559 2860 (la—peffa*

160 2878 310 2944 Sedulius

159 2982 325 3046 Orientius

160 3085 355 3167 Apollinaris
379 3084 530 3150 Sidonius

158 3177 354 3252 Dracontius

159 3290 318 3354 Luxorius

158 3382 260 3457 Ruius
283 3393 430 3458 Asterius

158 3496 325 3560 Ennodius

157 3599 321 3718 Honorius
344 3599 535 3666 scholastic.
636 3605 650 3664 l

159 3812 437 3975 Maximianust

243 4036 392 4102 Numeris
423 4040 593 4122 pinguiore
619 4039 724 4104 forma
754 4041 897 4104 exaratis
926 4061 1039 4104 versus
1068 4041 1215 4106 echoicos
1239 4040 1289 4105 vel

157 4137 315 4202 similibus
337 4145 389 4204 art
375 4140 483 4206 tiliciis
507 4143 665 4226 composit
666 4164 702 4207 os
651 4142 823 4208 ttdeno
809 4143 957 4208 tavimus.

227 4294 250 4358 1)
270 4292 366 4347 Omnia
384 4295 504 4349 carmina
522 4295 622 4351 Latina
640 4296 760 4362 elegiaco
778 4304 865 4352 metro
883 4276 1088 4370 compositast
1107 4314 1140 4354 eo
1158 4303 1289 4367 tempore,
