2910 4928
608 355 824 415 ..5ss-

149 523 240 586 Haec
267 525 450 598 structura,
479 519 514 583 id
544 520 631 602 quod
663 520 774 585 docuit
801 520 986 603 Draegerus
1014 521 1101 605 (bist.
1126 523 1214 606 Synt.
1248 524 1290 602 II,

150 639 211 700 393
225 636 304 717 sq.),
334 633 400 696 iam
432 631 519 716 apud
548 633 676 716 priseae
697 632 884 697 Latinitatis
915 633 1090 716 scriptores
1115 635 1289 715 invenitur,

149 765 269 810 aureae
305 743 507 828 temporibus
545 744 711 809 rarissime
740 744 827 827 apud
862 749 978 828 poetas
1013 749 1139 810 tantum
1169 752 1288 826 exstat,

149 856 265 921 deinde
289 857 454 921 evanescit
483 856 652 938 usquead
682 855 792 920 exiens
821 856 955 921 tertium
985 857 1165 937 saeculum,
1195 859 1289 923 cuius

150 967 270 1032 aetatis
291 968 379 1052 apud
403 968 577 1051 scriptores
599 967 665 1031 iam
687 962 817 1050 saepius
841 969 909 1032 eius
932 974 1117 1033 structurae
1140 969 1290 1052 exempla

150 1080 374 1163 reperiuntur,
407 1084 440 1144 et
470 1079 557 1162 quod
592 1085 660 1143 tam
690 1100 787 1163 saepe
817 1100 876 1163 pro
905 1085 973 1144 tam
997 1080 1113 1163 exiguo
1135 1102 1290 1146 versuum

149 1213 284 1257 numero
307 1192 393 1256 hanc
420 1191 693 1256 constructionem
715 1192 857 1257 Avienus
882 1191 1028 1271 admisit,
1061 1192 1136 1257 inde
1159 1192 1288 1258 efficere

149 1303 227 1368 licet
250 1308 367 1387 quarto
391 1304 442 1368 vel
467 1304 580 1386 quinto
604 1303 734 1368 saeculo
756 1302 816 1367 has
839 1303 967 1368 fabulas
987 1324 1057 1368 esse
1081 1306 1286 1388 compositas.

148 1416 218 1480 Iam
241 1414 305 1479 hoo
326 1415 422 1480 velim
446 1414 669 1480 observave1is
698 1436 810 1479 omnes
836 1415 905 1479 fere
926 1415 1014 1480 illius
1037 1417 1288 1482 constructionis

151 1527 299 1610 exempla
321 1525 409 1609 apud
427 1526 585 1590 Avianum
608 1527 773 1591 exstantia
795 1527 843 1591 ita
864 1533 1055 1610 comparata
1077 1549 1157 1608 esse,
1180 1534 1217 1593 ut
1238 1528 1288 1592 in·

147 1638 291 1703 finitivus
321 1637 411 1702 verbi
441 1638 530 1702 ‘esse'
570 1643 726 1720 sequatur
753 1639 847 1720 isque
884 1637 1052 1704 abundare
1083 1639 1232 1704 videatur
1244 1642 1289 1725 1);

219 1813 243 1878 1)
261 1809 292 1862 ln
312 1808 447 1865 infinitivo
465 1808 608 1864 tractando
628 1810 754 1877 quoniam
771 1825 928 1878 versamur,
948 1826 1003 1863 non
1021 1811 1196 1864 omittendum
1215 1811 1288 1865 arbi·

148 1902 207 1952 tror
226 1897 366 1965 essehoc,
390 1895 463 1964 quod
482 1897 711 1951 constructionem
731 1895 881 1951 accusativi
899 1912 958 1950 eum
977 1896 1109 1951 infinitivo
1129 1911 1200 1963 quac
1219 1897 1289 1951 diei-

147 1991 195 2037 tur
214 1998 319 2036 summa
339 1997 400 2036 cum
418 1981 530 2036 licentia
547 1981 670 2036 Asianus
687 1982 798 2048 babuit,
824 1981 858 2036 cf.
878 1982 896 2036 f.
916 1983 948 2049 9,
967 1986 1052 2050 ⁹sq.;
1071 1983 1089 2036 f.
1109 1985 1159 2050 33,
1177 1985 1247 2051 bsq.
1267 1983 1288 2037 f.

148 2069 197 2136 39,
221 2070 289 2136 lsq.
317 2065 907 2132 (11Κ11111111111111111111.(1111111111
932 2069 957 2121 d.
984 2068 1030 2121 lat.
1050 2069 1109 2135 Spr.
1134 2069 1161 2121 11
1186 2086 1213 2136 p.
1236 2071 1290 2123 517

148 2155 215 2221 sq.l;
242 2152 260 2206 f.
279 2157 325 2223 22,
351 2156 435 2222 9sq.;
454 2151 473 2206 f.
492 2155 540 2222 31,
568 2156 635 2221 laq.
673 2154 703 2207 In
723 2154 819 2209 eodem
838 2169 949 2208 numero
969 2154 992 2208 si
1012 2155 1073 2221 quis
1092 2154 1215 2208 codicum
1233 2155 1289 2208 lec·

148 2239 248 2294 tionem
267 2241 402 2308 sequitur,
426 2239 528 2293 habeat
547 2239 618 2294 11111
636 2240 709 2294 hunc
727 2240 832 2307 locum,
852 2239 897 2308 qui
916 2241 945 2294 in
963 2239 1042 2294 libris
1060 2241 1099 2295 sic
1116 2241 1289 2309 perscriptus

150 2330 260 2382 exstatt

250 2409 270 2467 i.
290 2414 331 2478 11,
349 2415 365 2464 7
375 2427 434 2479 sip:
451 2428 486 2466 ne
505 2420 596 2467 1111111
615 2413 708 2468 elisam
727 2412 913 2480 confringeret
931 2427 1013 2466 aerea
1030 2416 1137 2480 testam,

457 2496 563 2551 iurabat
581 2499 689 2552 solitam
707 2498 814 2566 longius
831 2499 871 2552 ire
889 2499 968 2552 viam.

149 2583 224 2649 Quae
241 2582 365 2637 codicum
384 2583 465 2637 lectio
485 2584 524 2637 eis
542 2584 589 2651 qui
605 2585 741 2638 Asianum
756 2584 907 2651 ediderunt,
926 2600 1039 2651 magnas
1057 2586 1196 2639 molestias
1213 2587 1288 2642 vide·

148 2676 193 2724 tur
212 2669 379 2737 exhibuisse,
398 2685 459 2723 nam
478 2669 547 2723 nulli
566 2669 684 2736 luerunt,
704 2672 750 2738 qui
768 2687 822 2724 non
840 2671 962 2725 codicum
982 2669 1148 2739 scripturam
1166 2673 1289 2727 immuta-

147 2760 218 2811 rent.
253 2757 345 2824 Atque
364 2772 435 2823 quae
453 2762 560 2810 veteres
578 2757 629 2810 viri
647 2757 720 2810 docti
740 2759 920 2826 invenerunt,
944 2756 1017 2812 haud
1036 2759 1190 2825 spernenda
1207 2765 1287 2827 sunt;

147 2842 207 2896 iure
226 2843 296 2896 enim
315 2843 466 2910 meritoque
484 2860 534 2910 pro
561 2844 983 2912 11111111Β111111111111111111,
1010 2860 1060 2912 pro
1081 2845 1207 2901 ‘solitam’
1232 2846 1287 2900 ‘so-

148 2928 225 2981 ciam‘
244 2929 392 2983 Neveletus
417 2938 608 2998 reposuerunt.
643 2931 742 2984 Verum
766 2932 855 2985 minus
873 2932 1000 2999 placent,
1027 2947 1097 2999 quae
1117 2934 1285 2987 recentiores

147 3014 197 3067 viri
230 3014 303 3069 docti
339 3016 515 3071 coniectando
554 3017 738 3083 protulerunt,
777 3018 851 3071 velut
886 3017 1112 3084 Cannegieterus,
1148 3021 1194 3086 qui
1236 3036 1286 3087 pro

148 3100 274 3169 ‘longius
293 3104 457 3156 ‘comminus’
476 3102 612 3169 restituit,
638 3108 666 3155 et
683 3102 872 3171 Schenkelius,
892 3103 939 3169 qui
956 3103 1087 3156 librorum
1106 3105 1228 3172 vestigiis
1246 3107 1287 3160 ni·

148 3187 229 3240 mium
248 3189 351 3256 pressis
368 3188 543 3243 scribendum
562 3189 685 3245 censuit:
711 3189 802 3244 ‘solito
820 3189 936 3256 longius’
955 3195 983 3243 et
1001 3191 1158 3257 Baehrens,
1183 3193 1287 3260 quiite

149 3289 254 3328 versum
273 3273 407 3329 correxit:

388 3376 422 3414 ne
442 3365 531 3415 tamen
550 3360 655 3416 allisam
674 3362 869 3431 confringeret,
887 3377 969 3416 aerea
987 3367 1084 3417 testam

389 3447 506 3514 urgebat
524 3455 637 3514 coctam,
656 3448 804 3502 comminus
821 3448 862 3503 ire
881 3449 966 3507 111111

149 3548 260 3600 quorum
288 3534 406 3585 virorum
432 3534 604 3588 coniecturae
630 3534 655 3588 ei
685 3551 763 3602 quam
788 3536 840 3588 hac
864 3535 959 3588 fabula
984 3541 1139 3589 enarratam
1157 3534 1286 3602 videmus,

149 3618 303 3673 condicioni
329 3618 416 3672 minus
437 3621 609 3673 conveniunt.
646 3621 722 3686 Quae
740 3620 788 3673 illa
806 3621 843 3674 sit
861 3626 891 3672 ut
908 3621 1063 3690 accuratius
1084 3619 1285 3688 perspiciamus

147 3705 274 3771 neglecto
292 3704 346 3757 hoc
373 3704 491 3758 disticho
509 3706 675 3774 depravato,
700 3706 774 3773 quod
792 3707 877 3759 totam
897 3721 1005 3759 causam
1026 3705 1179 3771 contineat,
1206 3720 1285 3771 quae·

147 3805 253 3856 remus,
290 3807 353 3843 num
385 3791 453 3844 haec
486 3791 579 3845 fabula
612 3791 666 3846 alio
698 3791 726 3844 in
756 3791 826 3843 libro
858 3792 960 3845 tradita
992 3791 1072 3843 nobis
1105 3796 1201 3843 exstet.
1246 3793 1287 3845 Ac

149 3874 273 3944 profecto
298 3876 326 3929 11
353 3876 507 3930 fabularum
526 3877 726 3931 Babrianarum
745 3876 922 3945 paraphrasi,
950 3891 1029 3943 quam
1057 3891 1072 3927 1
1101 3876 1286 3944 compluribus

150 3961 291 4016 codicibus
311 3963 496 4031 depromptam
517 3963 602 4017 edidit
621 3963 733 4018 Carolus
754 3961 889 4028 Halmius,
908 3961 1024 4016 eandem
1043 3961 1163 4016 fabulam
1183 3964 1286 4018 inveni-

148 4064 223 4116 mus,
248 4048 296 4101 ubi
320 4050 425 4117 scripta
450 4049 564 4116 legimus
591 4049 660 4103 haee
683 4047 750 4117 (fab.
769 4049 870 4114 Aesop.
897 4048 938 4101 ed.
965 4047 1053 4100 Halm.
1078 4051 1153 4115 42211
1180 4048 1287 4119 χύτραν

147 4129 313 4202 ὄστρακίνην
335 4135 381 4188 καὶ
404 4137 506 4203 χαλκῆν
532 4131 655 4201 ποταμὸς
680 4131 840 4202 κατέφερεν.
875 4129 892 4202 ἡ
919 4131 949 4188 δὲ
975 4129 1124 4204 όστρακίνη
1145 4138 1178 4207 τῇ
1197 4141 1286 4206 χαλκῇ

148 4217 244 4289 ἔλεγεν·
270 4217 413 4288 μακρόθεν
429 4239 482 4287 μου
501 4217 638 4290 seloppo,
656 4220 704 4274 καὶ
722 4217 759 4289 μὴ
778 4221 909 4289 πλησίον·
936 4218 986 4275 ἐὰν
1004 4219 1057 4290 γάρ
1076 4240 1124 4288 μοι
1142 4219 1175 4276 cd
1195 4242 1281 4291 προς·

6 4458 146 4608 ἱ
