2910 4928
624 425 838 486 ..62-

170 592 367 675 pentametri
389 590 515 677 syllaba
531 591 672 675 ancipite
689 592 869 658 doctrinam
890 593 932 657 ad
955 593 989 658 id
1011 599 1140 680 tempus
1159 595 1312 679 incogni-

165 710 234 770 tam
267 726 288 769 a
318 705 539 787 grammaticis
570 704 725 769 Romanis
762 725 833 770 esse
868 711 1038 786 novatam,
1074 712 1126 787 ut,
1156 707 1184 773 si
1220 708 1310 773 satis

165 816 354 899 frequenter
381 836 442 900 pro
476 816 592 899 exiguo
621 836 772 881 versuum
802 837 937 882 numero
963 818 1049 883 hanc
1070 818 1236 884 licentiam
1260 818 1308 884 ab

164 928 288 993 Aviano
309 927 484 992 admissam
506 927 696 1007 invenimus,
717 928 820 992 aetati
840 929 940 1012 paulo
961 928 1117 1011 inferiori,
1140 951 1212 995 cum
1235 931 1308 995 iam

169 1038 327 1122 viguisset
354 1039 413 1103 illa
442 1037 606 1118 doctrina,
635 1038 852 1104 fabulatorem
881 1040 973 1104 illum
997 1042 1216 1107 attribuamus
1245 1061 1307 1107 ne-

166 1171 256 1215 cesse
279 1151 330 1215 sit.
374 1151 465 1229 Quae
488 1150 613 1215 uncinis
638 1150 755 1216 inclusi
777 1150 934 1235 exempla,
959 1158 1115 1236 corrupta
1137 1158 1220 1218 sunt.

627 1262 832 1328 Catullus.
1136 1349 1138 1354 Δ

250 1374 290 1458 [1.
317 1378 387 1454 100,
410 1374 459 1458 6],
491 1373 532 1458 [ο.
554 1377 609 1453 68,
634 1374 726 1458 158],
756 1374 797 1459 [1.
821 1380 880 1455 99,
903 1376 954 1460 8],
985 1376 1026 1460 [1.
1048 1380 1105 1456 66,
1127 1376 1203 1460 48],
1234 1377 1304 1462 [67,

161 1485 233 1569 42],
257 1484 298 1569 [1.
323 1490 373 1566 97,
397 1486 584 1570 2],[1.16,
612 1485 673 1569 10].

629 1596 833 1663 Tibullus.

246 1710 286 1795 [c.
309 1709 349 1790 II,
374 1715 402 1789 1,
426 1711 498 1795 58];
521 1709 622 1795 [1.Π,
646 1715 674 1790 3,
698 1710 769 1794 16],
791 1710 832 1794 [c.
854 1710 894 1790 11,
916 1717 945 1790 4,
970 1711 1043 1795 38],
1066 1711 1106 1796 [1.
1123 1711 1147 1792 Ι,
1170 1717 1199 1791 4,
1223 1713 1301 1799 44],

501 1827 503 1831 ’
594 1822 854 1906 Propertius.

248 1933 288 2018 [c.
311 1933 352 2012 ΙΙ,
375 1937 439 2013 24·,
462 1939 482 1996 4
505 1932 568 2017 (ed.
591 1933 801 2018 Baehrens)];
828 1935 868 2019 [c.
892 1935 929 2013 V,
954 1939 981 2013 5,
1005 1935 1079 2019 64],
1101 1955 1127 1999 o.
1149 1935 1190 2014 Π,
1213 1939 1243 2016 8,
1268 1942 1299 2001 8.

241 2079 244 2085 ·
633 2044 817 2111 Ovidius.

245 2155 326 2241 [her.
352 2161 401 2236 16,
426 2156 518 2240 228],
541 2155 688 2240 [111116
712 2157 806 2241 256],
829 2157 893 2242 [ep.
917 2177 957 2220 ex
976 2158 1067 2222 Pont.
1090 2157 1144 2237 IV,
1168 2163 1197 2237 3,
1220 2161 1296 2245 44];

159 2268 234 2351 [art.
258 2289 318 2332 arn.
344 2273 380 2348 3,
409 2269 479 2353 62],
510 2267 597 2353 [fast.
618 2268 684 2348 Ill,
716 2269 809 2353 500];
839 2269 964 2354 [insert.
988 2273 1073 2334 auct.
1098 2290 1147 2352 ep.
1172 2270 1296 2354 Sapph.

161 2380 245 2464 1111

627 2492 818 2576 Priapea.

169 2621 171 2626 ·
243 2602 284 2686 [1.
303 2607 357 2682 42,
380 2608 398 2667 2
423 2603 486 2687 (ed.
511 2602 678 2667 Baehrens
699 2607 786 2686 poet.
809 2603 865 2667 lat.
888 2604 963 2667 min.
986 2604 1047 2668 vol.
1071 2604 1123 2688 1).]

521 2713 731 2780 Domitius
754 2714 926 2780 Marsus.

243 2825 368 2910 [Meyer
390 2825 510 2893 anthol.
533 2826 557 2906 Ι,
583 2830 652 2906 123,
676 2827 719 2911 6.]

396 2937 592 3003 Carmina
615 2937 698 3003 eod.
721 2938 909 3005 Vossian.
933 2939 969 3017 Q.
993 2943 1043 3004 86.

240 3050 353 3114 incert.
383 3055 467 3114 auct.
495 3049 586 3134 eleg„
605 3049 640 3114 in
662 3049 765 3115 Maec.
796 3050 916 3115 fratres
944 3049 1007 3136 (ed.
1031 3049 1199 3115 Baehrens
1230 3053 1293 3118 vol.

154 3160 209 3241 IV,
232 3162 288 3246 83)
311 3183 338 3225 1.
365 3166 413 3226 16.

242 3274 355 3357 [carm.
380 3273 420 3338 de
442 3274 529 3339 Atho
552 3278 650 3339 mont.
672 3274 852 3357 (Baehrens
874 3273 928 3355 IV,
951 3276 1006 3359 11)
1028 3295 1056 3339 1.
1079 3274 1226 3358 ultimus]

240 3384 280 3449 de
299 3386 368 3450 init.
391 3390 425 3450 et
445 3384 499 3451 fin.
522 3407 622 3451 amor.
645 3386 825 3472 (Baehrens
846 3385 900 3464 IV,
924 3387 978 3469 60)
1000 3408 1028 3450 1.
1052 3386 1193 3451 ultimus.

608 3497 833 3563 Martialis.

240 3608 324 3690 xlv,
348 3614 398 3690 11,
421 3614 458 3692 1;
480 3609 536 3690 lx,
563 3615 633 3690 101,
655 3615 692 3690 43
715 3609 785 3693 [ΙΗ,
806 3614 834 3689 1,
857 3609 900 3693 41.

598 3719 839 3785 Pentadius.

239 3831 279 3896 de
301 3831 434 3897 fortuna
455 3832 518 3917 (ed.
542 3830 707 3896 Baehrens
729 3831 783 3910 IV,
806 3831 883 3914 408)
909 3834 968 3908 28,
990 3828 1069 3913 [34].

443 3942 701 4026 Optatianus
723 3940 994 4024 Porphyrius.

239 4055 288 4119 ed.
312 4054 478 4119 Baehrens
498 4054 551 4134 IV,
575 4058 687 4119 2691.
711 4058 747 4134 8,
771 4057 829 4133 22,
854 4056 912 4134 28,
937 4057 985 4116 14.

455 4164 711 4230 Lactantius
733 4163 984 4229 Firmianus.

237 4280 349 4363 (carm.
372 4277 414 4342 de
437 4299 484 4342 11.
507 4277 657 4341 Phoenic.
685 4279 768 4360 166).
