<?xml version="1.0" encoding="UTF-8"?>
<!DOCTYPE html PUBLIC "-//W3C//DTD XHTML 1.0 Transitional//EN"
    "http://www.w3.org/TR/xhtml1/DTD/xhtml1-transitional.dtd">
<html xmlns="http://www.w3.org/1999/xhtml" xml:lang="en" lang="en">
 <head>
  <title>
</title>
<meta http-equiv="Content-Type" content="text/html;charset=utf-8" />
  <meta name='ocr-system' content='tesseract 3.04.00' />
  <meta name='ocr-capabilities' content='ocr_page ocr_carea ocr_par ocr_line ocrx_word'/>
</head>
<body>
  <div class='ocr_page' id='page_1' title='image "./deavianiaetate01unregoog_0045.png"; bbox 0 0 2910 4928; ppageno 0'>
   <div class='ocr_carea' id='block_1_1' title="bbox 84 4242 207 4624">
    <p class='ocr_par' dir='ltr' id='par_1_1' title="bbox 84 4242 209 4624">
     <span class='ocr_line' id='line_1_1' title="bbox 84 4242 207 4624; baseline 0 -377"><span class='ocrx_word' id='word_1_1' title='bbox 84 4242 207 4624; x_wconf 33' lang='grc' dir='ltr'>Ὗ</span> 
     </span>
    </p>
   </div>
   <div class='ocr_carea' id='block_1_2' title="bbox 683 395 898 454">
    <p class='ocr_par' dir='ltr' id='par_1_2' title="bbox 683 395 898 454">
     <span class='ocr_line' id='line_1_2' title="bbox 683 395 898 454; baseline -0.005 -17"><span class='ocrx_word' id='word_1_2' title='bbox 683 395 898 454; x_wconf 70' lang='lat'>„40-</span> 
     </span>
    </p>
   </div>
   <div class='ocr_carea' id='block_1_3' title="bbox 222 559 1415 2649">
    <p class='ocr_par' dir='ltr' id='par_1_3' title="bbox 222 559 1364 1310">
     <span class='ocr_line' id='line_1_3' title="bbox 311 559 1363 646; baseline 0.001 -21"><span class='ocrx_word' id='word_1_3' title='bbox 311 562 380 626; x_wconf 93' lang='lat' dir='ltr'>Iam</span> <span class='ocrx_word' id='word_1_4' title='bbox 404 561 480 625; x_wconf 91' lang='lat' dir='ltr'>huic</span> <span class='ocrx_word' id='word_1_5' title='bbox 502 559 661 626; x_wconf 89' lang='lat' dir='ltr'>vocabulo</span> <span class='ocrx_word' id='word_1_6' title='bbox 684 560 805 625; x_wconf 80' lang='lat' dir='ltr'>addere</span> <span class='ocrx_word' id='word_1_7' title='bbox 822 560 921 624; x_wconf 88' lang='lat' dir='ltr'>liceat</span> <span class='ocrx_word' id='word_1_8' title='bbox 938 581 1050 626; x_wconf 87' lang='lat' dir='ltr'>vocem</span> <span class='ocrx_word' id='word_1_9' title='bbox 1073 560 1218 626; x_wconf 81' lang='lat' dir='ltr'>‘falsitas&#39;</span> <span class='ocrx_word' id='word_1_10' title='bbox 1243 561 1363 646; x_wconf 84' lang='lat' dir='ltr'>(praef.</span> 
     </span>
     <span class='ocr_line' id='line_1_4' title="bbox 224 671 1362 758; baseline 0 -20"><span class='ocrx_word' id='word_1_11' title='bbox 224 679 243 739; x_wconf 88' lang='grc'><strong>6</strong></span> <span class='ocrx_word' id='word_1_12' title='bbox 272 673 349 758; x_wconf 77' lang='lat' dir='ltr'>Fr),</span> <span class='ocrx_word' id='word_1_13' title='bbox 373 693 457 755; x_wconf 89' lang='lat' dir='ltr'>quae</span> <span class='ocrx_word' id='word_1_14' title='bbox 480 694 552 737; x_wconf 92' lang='lat' dir='ltr'>cum</span> <span class='ocrx_word' id='word_1_15' title='bbox 574 672 608 736; x_wconf 92' lang='lat' dir='ltr'>in</span> <span class='ocrx_word' id='word_1_16' title='bbox 630 671 766 736; x_wconf 87' lang='lat' dir='ltr'>Amobii</span> <span class='ocrx_word' id='word_1_17' title='bbox 786 671 880 737; x_wconf 91' lang='lat' dir='ltr'>libris</span> <span class='ocrx_word' id='word_1_18' title='bbox 901 673 946 756; x_wconf 86' lang='lat' dir='ltr'>(p.</span> <span class='ocrx_word' id='word_1_19' title='bbox 968 677 1018 752; x_wconf 82' lang='lat'>38,</span> <span class='ocrx_word' id='word_1_20' title='bbox 1041 678 1079 754; x_wconf 71' lang='grc' dir='ltr'>ὃς</span> <span class='ocrx_word' id='word_1_21' title='bbox 1108 695 1138 757; x_wconf 89' lang='lat' dir='ltr'>p.</span> <span class='ocrx_word' id='word_1_22' title='bbox 1162 678 1219 752; x_wconf 80' lang='lat'>92,</span> <span class='ocrx_word' id='word_1_23' title='bbox 1242 680 1276 754; x_wconf 83' lang='lat'>83</span> <span class='ocrx_word' id='word_1_24' title='bbox 1305 674 1362 738; x_wconf 92' lang='lat' dir='ltr'>all.</span> 
     </span>
     <span class='ocr_line' id='line_1_5' title="bbox 224 781 1362 868; baseline 0 -18"><span class='ocrx_word' id='word_1_25' title='bbox 224 785 273 850; x_wconf 86' lang='lat' dir='ltr'>ed</span> <span class='ocrx_word' id='word_1_26' title='bbox 298 781 552 868; x_wconf 85' lang='lat' dir='ltr'>Reiferscheid),</span> <span class='ocrx_word' id='word_1_27' title='bbox 582 805 664 866; x_wconf 88' lang='lat' dir='ltr'>quos</span> <span class='ocrx_word' id='word_1_28' title='bbox 691 784 779 848; x_wconf 87' lang='lat' dir='ltr'>circa</span> <span class='ocrx_word' id='word_1_29' title='bbox 807 804 927 849; x_wconf 85' lang='lat' dir='ltr'>annum</span> <span class='ocrx_word' id='word_1_30' title='bbox 954 784 1218 849; x_wconf 84' lang='lat' dir='ltr'>trecentesimum</span> <span class='ocrx_word' id='word_1_31' title='bbox 1247 784 1362 865; x_wconf 79' lang='lat' dir='ltr'>edidit,</span> 
     </span>
     <span class='ocr_line' id='line_1_6' title="bbox 222 894 1361 979; baseline 0.001 -19"><span class='ocrx_word' id='word_1_32' title='bbox 222 895 364 979; x_wconf 90' lang='lat' dir='ltr'>primum</span> <span class='ocrx_word' id='word_1_33' title='bbox 374 897 399 979; x_wconf 92' lang='grc'>1)</span> <span class='ocrx_word' id='word_1_34' title='bbox 421 896 563 979; x_wconf 85' lang='lat' dir='ltr'>legatur,</span> <span class='ocrx_word' id='word_1_35' title='bbox 587 895 629 960; x_wconf 92' lang='lat' dir='ltr'>ad</span> <span class='ocrx_word' id='word_1_36' title='bbox 650 916 762 960; x_wconf 89' lang='lat' dir='ltr'>earum</span> <span class='ocrx_word' id='word_1_37' title='bbox 785 916 917 975; x_wconf 91' lang='lat' dir='ltr'>vocum,</span> <span class='ocrx_word' id='word_1_38' title='bbox 940 896 981 961; x_wconf 90' lang='lat' dir='ltr'>de</span> <span class='ocrx_word' id='word_1_39' title='bbox 1004 894 1122 979; x_wconf 89' lang='lat' dir='ltr'>quibus</span> <span class='ocrx_word' id='word_1_40' title='bbox 1144 896 1361 979; x_wconf 88' lang='lat' dir='ltr'>disputamus,</span> 
     </span>
     <span class='ocr_line' id='line_1_7' title="bbox 223 1006 1364 1091; baseline 0.001 -20"><span class='ocrx_word' id='word_1_41' title='bbox 223 1006 384 1072; x_wconf 88' lang='lat' dir='ltr'>rationem</span> <span class='ocrx_word' id='word_1_42' title='bbox 405 1007 552 1091; x_wconf 86' lang='lat' dir='ltr'>proxime</span> <span class='ocrx_word' id='word_1_43' title='bbox 582 1006 718 1071; x_wconf 87' lang='lat' dir='ltr'>accedit.</span> <span class='ocrx_word' id='word_1_44' title='bbox 762 1007 813 1071; x_wconf 85' lang='lat' dir='ltr'>Ab</span> <span class='ocrx_word' id='word_1_45' title='bbox 843 1006 906 1072; x_wconf 92' lang='lat' dir='ltr'>hoc</span> <span class='ocrx_word' id='word_1_46' title='bbox 929 1011 1038 1073; x_wconf 88' lang='lat' dir='ltr'>autem</span> <span class='ocrx_word' id='word_1_47' title='bbox 1067 1008 1198 1073; x_wconf 83' lang='lat' dir='ltr'>rhetore</span> <span class='ocrx_word' id='word_1_48' title='bbox 1220 1006 1364 1073; x_wconf 90' lang='lat' dir='ltr'>conficta</span> 
     </span>
     <span class='ocr_line' id='line_1_8' title="bbox 224 1117 1364 1205; baseline 0.002 -21"><span class='ocrx_word' id='word_1_49' title='bbox 224 1118 307 1184; x_wconf 89' lang='lat' dir='ltr'>haec</span> <span class='ocrx_word' id='word_1_50' title='bbox 328 1140 391 1184; x_wconf 84' lang='lat' dir='ltr'>vox</span> <span class='ocrx_word' id='word_1_51' title='bbox 419 1117 579 1203; x_wconf 89' lang='lat' dir='ltr'>paulatim</span> <span class='ocrx_word' id='word_1_52' title='bbox 601 1117 720 1201; x_wconf 80' lang='lat' dir='ltr'>viguit,</span> <span class='ocrx_word' id='word_1_53' title='bbox 751 1118 873 1203; x_wconf 87' lang='lat' dir='ltr'>quippe</span> <span class='ocrx_word' id='word_1_54' title='bbox 904 1139 1001 1202; x_wconf 61' lang='lat' dir='ltr'>quae·</span> <span class='ocrx_word' id='word_1_55' title='bbox 1019 1140 1084 1184; x_wconf 92' lang='lat' dir='ltr'>non</span> <span class='ocrx_word' id='word_1_56' title='bbox 1102 1120 1151 1185; x_wconf 92' lang='lat' dir='ltr'>ita</span> <span class='ocrx_word' id='word_1_57' title='bbox 1170 1141 1246 1185; x_wconf 92' lang='lat' dir='ltr'>raro</span> <span class='ocrx_word' id='word_1_58' title='bbox 1272 1120 1364 1205; x_wconf 91' lang='lat' dir='ltr'>apud</span> 
     </span>
     <span class='ocr_line' id='line_1_9' title="bbox 224 1228 1118 1310; baseline 0.002 -16"><span class='ocrx_word' id='word_1_59' title='bbox 224 1230 441 1310; x_wconf 87' lang='lat' dir='ltr'>Lactantium,</span> <span class='ocrx_word' id='word_1_60' title='bbox 462 1229 676 1310; x_wconf 87' lang='lat' dir='ltr'>Ammianum,</span> <span class='ocrx_word' id='word_1_61' title='bbox 701 1228 905 1296; x_wconf 90' lang='lat' dir='ltr'>Macrobium</span> <span class='ocrx_word' id='word_1_62' title='bbox 926 1230 1118 1296; x_wconf 87' lang='lat' dir='ltr'>inveniatur.</span> 
     </span>
    </p>

    <p class='ocr_par' dir='ltr' id='par_1_4' title="bbox 222 1341 1363 1966">
     <span class='ocr_line' id='line_1_10' title="bbox 310 1341 1362 1426; baseline 0.002 -20"><span class='ocrx_word' id='word_1_63' title='bbox 310 1341 371 1406; x_wconf 88' lang='lat' dir='ltr'>His</span> <span class='ocrx_word' id='word_1_64' title='bbox 393 1342 493 1424; x_wconf 83' lang='lat' dir='ltr'>igitur</span> <span class='ocrx_word' id='word_1_65' title='bbox 518 1341 702 1420; x_wconf 89' lang='lat' dir='ltr'>vocabulis,</span> <span class='ocrx_word' id='word_1_66' title='bbox 730 1361 815 1423; x_wconf 88' lang='lat' dir='ltr'>quae</span> <span class='ocrx_word' id='word_1_67' title='bbox 845 1341 932 1426; x_wconf 90' lang='lat' dir='ltr'>apud</span> <span class='ocrx_word' id='word_1_68' title='bbox 960 1343 1070 1424; x_wconf 87' lang='lat' dir='ltr'>quarti</span> <span class='ocrx_word' id='word_1_69' title='bbox 1099 1344 1268 1426; x_wconf 89' lang='lat' dir='ltr'>quintique</span> <span class='ocrx_word' id='word_1_70' title='bbox 1289 1365 1362 1409; x_wconf 91' lang='lat' dir='ltr'>sae-</span> 
     </span>
     <span class='ocr_line' id='line_1_11' title="bbox 227 1451 1363 1537; baseline 0.003 -20"><span class='ocrx_word' id='word_1_71' title='bbox 227 1452 293 1518; x_wconf 93' lang='lat' dir='ltr'>culi</span> <span class='ocrx_word' id='word_1_72' title='bbox 315 1453 492 1537; x_wconf 81' lang='lat' dir='ltr'>scriptores</span> <span class='ocrx_word' id='word_1_73' title='bbox 510 1452 651 1537; x_wconf 91' lang='lat' dir='ltr'>primum</span> <span class='ocrx_word' id='word_1_74' title='bbox 672 1451 833 1536; x_wconf 85' lang='lat' dir='ltr'>leguntur,</span> <span class='ocrx_word' id='word_1_75' title='bbox 856 1452 965 1518; x_wconf 90' lang='lat' dir='ltr'>allatis</span> <span class='ocrx_word' id='word_1_76' title='bbox 981 1458 1186 1520; x_wconf 89' lang='lat' dir='ltr'>transeamus</span> <span class='ocrx_word' id='word_1_77' title='bbox 1209 1476 1295 1519; x_wconf 92' lang='lat' dir='ltr'>nunc</span> <span class='ocrx_word' id='word_1_78' title='bbox 1318 1455 1363 1520; x_wconf 92' lang='lat' dir='ltr'>ad</span> 
     </span>
     <span class='ocr_line' id='line_1_12' title="bbox 222 1563 1363 1648; baseline 0.002 -20"><span class='ocrx_word' id='word_1_79' title='bbox 222 1564 267 1644; x_wconf 93' lang='lat' dir='ltr'>id,</span> <span class='ocrx_word' id='word_1_80' title='bbox 289 1568 327 1628; x_wconf 89' lang='lat' dir='ltr'>ut</span> <span class='ocrx_word' id='word_1_81' title='bbox 341 1571 572 1629; x_wconf 86' lang='lat' dir='ltr'>&#39;enumeremus</span> <span class='ocrx_word' id='word_1_82' title='bbox 589 1584 685 1629; x_wconf 86' lang='lat' dir='ltr'>voces</span> <span class='ocrx_word' id='word_1_83' title='bbox 706 1563 748 1628; x_wconf 89' lang='lat' dir='ltr'>ab</span> <span class='ocrx_word' id='word_1_84' title='bbox 767 1563 891 1629; x_wconf 82' lang='lat' dir='ltr'>Avieno</span> <span class='ocrx_word' id='word_1_85' title='bbox 909 1568 1085 1648; x_wconf 87' lang='lat' dir='ltr'>usurpatas</span> <span class='ocrx_word' id='word_1_86' title='bbox 1105 1570 1204 1648; x_wconf 88' lang='lat' dir='ltr'>atque</span> <span class='ocrx_word' id='word_1_87' title='bbox 1226 1566 1272 1630; x_wconf 91' lang='lat' dir='ltr'>eis</span> <span class='ocrx_word' id='word_1_88' title='bbox 1290 1567 1363 1648; x_wconf 91' lang='lat' dir='ltr'>qui-</span> 
     </span>
     <span class='ocr_line' id='line_1_13' title="bbox 225 1675 1363 1759; baseline 0.003 -20"><span class='ocrx_word' id='word_1_89' title='bbox 225 1675 300 1740; x_wconf 92' lang='lat' dir='ltr'>dem</span> <span class='ocrx_word' id='word_1_90' title='bbox 322 1675 505 1755; x_wconf 90' lang='lat' dir='ltr'>sententiis,</span> <span class='ocrx_word' id='word_1_91' title='bbox 540 1696 624 1758; x_wconf 89' lang='lat' dir='ltr'>quae</span> <span class='ocrx_word' id='word_1_92' title='bbox 654 1695 675 1739; x_wconf 92' lang='lat' dir='ltr'>a</span> <span class='ocrx_word' id='word_1_93' title='bbox 697 1675 807 1757; x_wconf 89' lang='lat' dir='ltr'>quarti</span> <span class='ocrx_word' id='word_1_94' title='bbox 836 1677 1005 1759; x_wconf 89' lang='lat' dir='ltr'>quintique</span> <span class='ocrx_word' id='word_1_95' title='bbox 1027 1676 1149 1742; x_wconf 91' lang='lat' dir='ltr'>saeculi</span> <span class='ocrx_word' id='word_1_96' title='bbox 1171 1676 1363 1742; x_wconf 89' lang='lat' dir='ltr'>auctoribus</span> 
     </span>
     <span class='ocr_line' id='line_1_14' title="bbox 224 1786 1362 1872; baseline 0.002 -21"><span class='ocrx_word' id='word_1_97' title='bbox 224 1786 289 1852; x_wconf 89' lang='lat' dir='ltr'>illis</span> <span class='ocrx_word' id='word_1_98' title='bbox 316 1786 449 1852; x_wconf 90' lang='lat' dir='ltr'>vocibus</span> <span class='ocrx_word' id='word_1_99' title='bbox 471 1786 683 1852; x_wconf 89' lang='lat' dir='ltr'>subiciuntur.</span> <span class='ocrx_word' id='word_1_100' title='bbox 729 1787 827 1853; x_wconf 76' lang='lat' dir='ltr'>Curius</span> <span class='ocrx_word' id='word_1_101' title='bbox 849 1788 897 1852; x_wconf 91' lang='lat' dir='ltr'>rei</span> <span class='ocrx_word' id='word_1_102' title='bbox 920 1788 1102 1872; x_wconf 88' lang='lat' dir='ltr'>exemplum</span> <span class='ocrx_word' id='word_1_103' title='bbox 1123 1787 1281 1852; x_wconf 91' lang='lat' dir='ltr'>habemus</span> <span class='ocrx_word' id='word_1_104' title='bbox 1304 1809 1362 1853; x_wconf 91' lang='lat' dir='ltr'>vo-</span> 
     </span>
     <span class='ocr_line' id='line_1_15' title="bbox 227 1897 1231 1966; baseline 0.002 -4"><span class='ocrx_word' id='word_1_105' title='bbox 227 1918 297 1963; x_wconf 94' lang='lat' dir='ltr'>cem</span> <span class='ocrx_word' id='word_1_106' title='bbox 321 1898 455 1964; x_wconf 84' lang='lat' dir='ltr'>‘exosas&#39;</span> <span class='ocrx_word' id='word_1_107' title='bbox 477 1897 665 1964; x_wconf 69' lang='lat' dir='ltr'>in&#39;fabulae</span> <span class='ocrx_word' id='word_1_108' title='bbox 686 1897 828 1962; x_wconf 80' lang='lat' dir='ltr'>XXXIII</span> <span class='ocrx_word' id='word_1_109' title='bbox 849 1919 945 1964; x_wconf 91' lang='lat' dir='ltr'>versu</span> <span class='ocrx_word' id='word_1_110' title='bbox 966 1899 1011 1966; x_wconf 88' lang='lat' dir='ltr'>VI</span> <span class='ocrx_word' id='word_1_111' title='bbox 1033 1903 1231 1964; x_wconf 83' lang='lat' dir='ltr'>exstantem:</span> 
     </span>
    </p>

    <p class='ocr_par' dir='ltr' id='par_1_5' title="bbox 328 2009 1221 2092">
     <span class='ocr_line' id='line_1_16' title="bbox 328 2009 1221 2092; baseline 0.002 -18"><span class='ocrx_word' id='word_1_112' title='bbox 328 2009 386 2074; x_wconf 90' lang='lat' dir='ltr'>sed</span> <span class='ocrx_word' id='word_1_113' title='bbox 408 2009 557 2074; x_wconf 90' lang='lat' dir='ltr'>dominus</span> <span class='ocrx_word' id='word_1_114' title='bbox 580 2009 734 2092; x_wconf 92' lang='lat' dir='ltr'>cupidum</span> <span class='ocrx_word' id='word_1_115' title='bbox 755 2029 891 2092; x_wconf 89' lang='lat' dir='ltr'>sperans</span> <span class='ocrx_word' id='word_1_116' title='bbox 913 2030 1088 2075; x_wconf 82' lang='lat' dir='ltr'>vanescere</span> <span class='ocrx_word' id='word_1_117' title='bbox 1110 2014 1221 2076; x_wconf 89' lang='lat' dir='ltr'>votum</span> 
     </span>
    </p>

    <p class='ocr_par' dir='ltr' id='par_1_6' title="bbox 224 2120 1415 2649">
     <span class='ocr_line' id='line_1_17' title="bbox 327 2120 1028 2202; baseline 0.001 -18"><span class='ocrx_word' id='word_1_118' title='bbox 327 2141 392 2185; x_wconf 94' lang='lat' dir='ltr'>non</span> <span class='ocrx_word' id='word_1_119' title='bbox 412 2120 489 2186; x_wconf 89' lang='lat' dir='ltr'>tulit</span> <span class='ocrx_word' id='word_1_120' title='bbox 512 2140 628 2187; x_wconf 81' lang='lat' dir='ltr'>exosas</span> <span class='ocrx_word' id='word_1_121' title='bbox 650 2120 684 2184; x_wconf 93' lang='lat' dir='ltr'>in</span> <span class='ocrx_word' id='word_1_122' title='bbox 706 2140 766 2185; x_wconf 89' lang='lat' dir='ltr'>sua</span> <span class='ocrx_word' id='word_1_123' title='bbox 787 2120 881 2185; x_wconf 88' lang='lat' dir='ltr'>lucra</span> <span class='ocrx_word' id='word_1_124' title='bbox 903 2141 1028 2202; x_wconf 71' lang='lat' dir='ltr'>moras,</span> 
     </span>
     <span class='ocr_line' id='line_1_18' title="bbox 224 2231 1361 2317; baseline 0.003 -21"><span class='ocrx_word' id='word_1_125' title='bbox 224 2232 346 2315; x_wconf 90' lang='lat' dir='ltr'>quippe</span> <span class='ocrx_word' id='word_1_126' title='bbox 367 2252 452 2315; x_wconf 89' lang='lat' dir='ltr'>quae</span> <span class='ocrx_word' id='word_1_127' title='bbox 476 2232 564 2316; x_wconf 90' lang='lat' dir='ltr'>apud</span> <span class='ocrx_word' id='word_1_128' title='bbox 590 2231 793 2317; x_wconf 89' lang='lat' dir='ltr'>superiorum</span> <span class='ocrx_word' id='word_1_129' title='bbox 815 2236 998 2316; x_wconf 89' lang='lat' dir='ltr'>temporum</span> <span class='ocrx_word' id='word_1_130' title='bbox 1020 2232 1196 2317; x_wconf 81' lang='lat' dir='ltr'>scriptores</span> <span class='ocrx_word' id='word_1_131' title='bbox 1219 2234 1361 2300; x_wconf 80' lang='lat' dir='ltr'>activam</span> 
     </span>
     <span class='ocr_line' id='line_1_19' title="bbox 224 2342 1360 2429; baseline 0.002 -21"><span class='ocrx_word' id='word_1_132' title='bbox 224 2342 289 2408; x_wconf 90' lang='lat' dir='ltr'>vim</span> <span class='ocrx_word' id='word_1_133' title='bbox 309 2342 448 2422; x_wconf 89' lang='lat' dir='ltr'>habeat,</span> <span class='ocrx_word' id='word_1_134' title='bbox 470 2348 508 2408; x_wconf 94' lang='lat' dir='ltr'>ut</span> <span class='ocrx_word' id='word_1_135' title='bbox 528 2343 674 2409; x_wconf 85' lang='lat' dir='ltr'>declaret</span> <span class='ocrx_word' id='word_1_136' title='bbox 693 2364 776 2423; x_wconf 90' lang='lat' dir='ltr'>eum,</span> <span class='ocrx_word' id='word_1_137' title='bbox 798 2343 855 2426; x_wconf 91' lang='lat' dir='ltr'>qui</span> <span class='ocrx_word' id='word_1_138' title='bbox 875 2342 970 2408; x_wconf 90' lang='lat' dir='ltr'>valde</span> <span class='ocrx_word' id='word_1_139' title='bbox 992 2343 1149 2429; x_wconf 73' lang='lat' dir='ltr'>oderit2),</span> <span class='ocrx_word' id='word_1_140' title='bbox 1172 2366 1285 2410; x_wconf 92' lang='lat' dir='ltr'>verum</span> <span class='ocrx_word' id='word_1_141' title='bbox 1308 2367 1360 2411; x_wconf 90' lang='lat' dir='ltr'>re-</span> 
     </span>
     <span class='ocr_line' id='line_1_20' title="bbox 225 2453 1361 2540; baseline 0.004 -22"><span class='ocrx_word' id='word_1_142' title='bbox 225 2453 370 2519; x_wconf 88' lang='lat' dir='ltr'>centiore</span> <span class='ocrx_word' id='word_1_143' title='bbox 387 2475 467 2519; x_wconf 89' lang='lat' dir='ltr'>aevo</span> <span class='ocrx_word' id='word_1_144' title='bbox 489 2458 523 2519; x_wconf 92' lang='lat' dir='ltr'>et</span> <span class='ocrx_word' id='word_1_145' title='bbox 544 2453 607 2519; x_wconf 92' lang='lat' dir='ltr'>hoc</span> <span class='ocrx_word' id='word_1_146' title='bbox 619 2454 736 2520; x_wconf 87' lang='lat' dir='ltr'>Aviani</span> <span class='ocrx_word' id='word_1_147' title='bbox 755 2454 828 2520; x_wconf 95' lang='lat' dir='ltr'>loco</span> <span class='ocrx_word' id='word_1_148' title='bbox 846 2455 880 2518; x_wconf 92' lang='lat' dir='ltr'>in</span> <span class='ocrx_word' id='word_1_149' title='bbox 897 2456 1061 2520; x_wconf 91' lang='lat' dir='ltr'>notionem</span> <span class='ocrx_word' id='word_1_150' title='bbox 1076 2457 1239 2540; x_wconf 89' lang='lat' dir='ltr'>passivam</span> <span class='ocrx_word' id='word_1_151' title='bbox 1253 2456 1361 2538; x_wconf 88' lang='lat' dir='ltr'>abeat,</span> 
     </span>
     <span class='ocr_line' id='line_1_21' title="bbox 224 2565 1415 2649; baseline 0.003 -19"><span class='ocrx_word' id='word_1_152' title='bbox 224 2569 262 2630; x_wconf 89' lang='lat' dir='ltr'>ut</span> <span class='ocrx_word' id='word_1_153' title='bbox 284 2585 375 2646; x_wconf 91' lang='lat' dir='ltr'>eum,</span> <span class='ocrx_word' id='word_1_154' title='bbox 400 2566 457 2648; x_wconf 90' lang='lat' dir='ltr'>qui</span> <span class='ocrx_word' id='word_1_155' title='bbox 478 2566 652 2648; x_wconf 83' lang='lat' dir='ltr'>magnoin</span> <span class='ocrx_word' id='word_1_156' title='bbox 674 2565 748 2630; x_wconf 93' lang='lat' dir='ltr'>odio</span> <span class='ocrx_word' id='word_1_157' title='bbox 771 2565 829 2646; x_wconf 90' lang='lat' dir='ltr'>sit,</span> <span class='ocrx_word' id='word_1_158' title='bbox 858 2566 1027 2649; x_wconf 82' lang='lat' dir='ltr'>significet.</span> <span class='ocrx_word' id='word_1_159' title='bbox 1072 2566 1163 2632; x_wconf 92' lang='lat' dir='ltr'>Haec</span> <span class='ocrx_word' id='word_1_160' title='bbox 1185 2572 1295 2633; x_wconf 91' lang='lat' dir='ltr'>autem</span> <span class='ocrx_word' id='word_1_161' title='bbox 1318 2569 1361 2634; x_wconf 92' lang='lat' dir='ltr'>si·</span> <span class='ocrx_word' id='word_1_162' title='bbox 1412 2607 1415 2614; x_wconf 90' lang='lat'>-</span> 
     </span>
    </p>
   </div>
   <div class='ocr_carea' id='block_1_4' title="bbox 223 2785 1363 4062">
    <p class='ocr_par' dir='ltr' id='par_1_7' title="bbox 223 2785 1363 4062">
     <span class='ocr_line' id='line_1_22' title="bbox 295 2785 1363 2859; baseline 0.003 -17"><span class='ocrx_word' id='word_1_163' title='bbox 295 2789 319 2855; x_wconf 88' lang='lat'>1)</span> <span class='ocrx_word' id='word_1_164' title='bbox 338 2787 442 2857; x_wconf 76' lang='lat' dir='ltr'>lirant,</span> <span class='ocrx_word' id='word_1_165' title='bbox 466 2789 512 2855; x_wconf 85' lang='lat' dir='ltr'>qui</span> <span class='ocrx_word' id='word_1_166' title='bbox 531 2786 612 2842; x_wconf 89' lang='lat' dir='ltr'>etiam</span> <span class='ocrx_word' id='word_1_167' title='bbox 630 2785 659 2840; x_wconf 91' lang='lat' dir='ltr'>in</span> <span class='ocrx_word' id='word_1_168' title='bbox 677 2786 816 2842; x_wconf 79' lang='lat' dir='ltr'>Ciceronis</span> <span class='ocrx_word' id='word_1_169' title='bbox 835 2791 991 2844; x_wconf 88' lang='lat' dir='ltr'>contextum</span> <span class='ocrx_word' id='word_1_170' title='bbox 1010 2789 1071 2858; x_wconf 78' lang='lat' dir='ltr'>(pro</span> <span class='ocrx_word' id='word_1_171' title='bbox 1089 2789 1194 2846; x_wconf 88' lang='lat' dir='ltr'>Cluent.</span> <span class='ocrx_word' id='word_1_172' title='bbox 1213 2793 1244 2858; x_wconf 83' lang='lat'>2,</span> <span class='ocrx_word' id='word_1_173' title='bbox 1265 2793 1291 2859; x_wconf 87' lang='lat'>5)</span> <span class='ocrx_word' id='word_1_174' title='bbox 1309 2791 1363 2848; x_wconf 90' lang='lat' dir='ltr'>hoc</span> 
     </span>
     <span class='ocr_line' id='line_1_23' title="bbox 225 2872 1362 2943; baseline 0.002 -14"><span class='ocrx_word' id='word_1_175' title='bbox 225 2872 389 2929; x_wconf 89' lang='lat' dir='ltr'>vocabulum</span> <span class='ocrx_word' id='word_1_176' title='bbox 408 2874 579 2943; x_wconf 87' lang='lat' dir='ltr'>reciperent,</span> <span class='ocrx_word' id='word_1_177' title='bbox 605 2889 667 2927; x_wconf 92' lang='lat' dir='ltr'>cum</span> <span class='ocrx_word' id='word_1_178' title='bbox 693 2888 709 2928; x_wconf 89' lang='lat' dir='ltr'>a</span> <span class='ocrx_word' id='word_1_179' title='bbox 735 2873 872 2928; x_wconf 88' lang='lat' dir='ltr'>nonnullis</span> <span class='ocrx_word' id='word_1_180' title='bbox 890 2876 1002 2943; x_wconf 87' lang='lat' dir='ltr'>eiusque</span> <span class='ocrx_word' id='word_1_181' title='bbox 1021 2874 1205 2931; x_wconf 89' lang='lat' dir='ltr'>deterioribus</span> <span class='ocrx_word' id='word_1_182' title='bbox 1222 2876 1362 2931; x_wconf 85' lang='lat' dir='ltr'>codicibus</span> 
     </span>
     <span class='ocr_line' id='line_1_24' title="bbox 226 2958 1362 3031; baseline 0.003 -17"><span class='ocrx_word' id='word_1_183' title='bbox 226 2960 273 3014; x_wconf 91' lang='lat' dir='ltr'>illo</span> <span class='ocrx_word' id='word_1_184' title='bbox 290 2959 352 3014; x_wconf 90' lang='lat' dir='ltr'>loco</span> <span class='ocrx_word' id='word_1_185' title='bbox 371 2959 547 3026; x_wconf 81' lang='lat' dir='ltr'>exhibeatur3</span> <span class='ocrx_word' id='word_1_186' title='bbox 573 2958 621 3013; x_wconf 89' lang='lat' dir='ltr'>sed</span> <span class='ocrx_word' id='word_1_187' title='bbox 648 2960 671 3012; x_wconf 93' lang='lat' dir='ltr'>si</span> <span class='ocrx_word' id='word_1_188' title='bbox 699 2960 862 3028; x_wconf 89' lang='lat' dir='ltr'>optimorum</span> <span class='ocrx_word' id='word_1_189' title='bbox 881 2959 1012 3016; x_wconf 89' lang='lat' dir='ltr'>librorum</span> <span class='ocrx_word' id='word_1_190' title='bbox 1030 2961 1221 3017; x_wconf 87' lang='lat' dir='ltr'>auctoritatem</span> <span class='ocrx_word' id='word_1_191' title='bbox 1240 2966 1362 3031; x_wconf 84' lang='lat' dir='ltr'>sequeris</span> 
     </span>
     <span class='ocr_line' id='line_1_25' title="bbox 224 3045 1363 3115; baseline 0.003 -15"><span class='ocrx_word' id='word_1_192' title='bbox 224 3051 307 3115; x_wconf 82' lang='lat' dir='ltr'>atque</span> <span class='ocrx_word' id='word_1_193' title='bbox 330 3046 403 3100; x_wconf 90' lang='lat' dir='ltr'>illius</span> <span class='ocrx_word' id='word_1_194' title='bbox 428 3047 482 3100; x_wconf 91' lang='lat' dir='ltr'>loci</span> <span class='ocrx_word' id='word_1_195' title='bbox 509 3047 536 3099; x_wconf 90' lang='lat' dir='ltr'>in</span> <span class='ocrx_word' id='word_1_196' title='bbox 561 3045 723 3100; x_wconf 86' lang='lat' dir='ltr'>sententiam</span> <span class='ocrx_word' id='word_1_197' title='bbox 746 3047 902 3102; x_wconf 83' lang='lat' dir='ltr'>accuratius</span> <span class='ocrx_word' id='word_1_198' title='bbox 928 3047 1116 3115; x_wconf 77' lang='lat' dir='ltr'>inquisiverit,</span> <span class='ocrx_word' id='word_1_199' title='bbox 1142 3047 1210 3100; x_wconf 89' lang='lat' dir='ltr'>nihil</span> <span class='ocrx_word' id='word_1_200' title='bbox 1236 3048 1287 3101; x_wconf 89' lang='lat' dir='ltr'>tibi</span> <span class='ocrx_word' id='word_1_201' title='bbox 1311 3051 1363 3103; x_wconf 90' lang='lat' dir='ltr'>erit</span> 
     </span>
     <span class='ocr_line' id='line_1_26' title="bbox 225 3131 1363 3202; baseline 0.004 -17"><span class='ocrx_word' id='word_1_202' title='bbox 225 3132 353 3200; x_wconf 89' lang='lat' dir='ltr'>dubium,</span> <span class='ocrx_word' id='word_1_203' title='bbox 378 3132 443 3200; x_wconf 89' lang='lat' dir='ltr'>quin</span> <span class='ocrx_word' id='word_1_204' title='bbox 461 3131 585 3186; x_wconf 83' lang='lat' dir='ltr'>‘falsitas‘</span> <span class='ocrx_word' id='word_1_205' title='bbox 604 3148 657 3186; x_wconf 85' lang='lat' dir='ltr'>vox</span> <span class='ocrx_word' id='word_1_206' title='bbox 673 3131 701 3185; x_wconf 93' lang='lat' dir='ltr'>in</span> <span class='ocrx_word' id='word_1_207' title='bbox 722 3148 782 3188; x_wconf 93' lang='lat' dir='ltr'>eum</span> <span class='ocrx_word' id='word_1_208' title='bbox 803 3131 891 3187; x_wconf 91' lang='lat' dir='ltr'>locum</span> <span class='ocrx_word' id='word_1_209' title='bbox 908 3135 1018 3188; x_wconf 87' lang='lat' dir='ltr'>omuino</span> <span class='ocrx_word' id='word_1_210' title='bbox 1036 3148 1091 3187; x_wconf 91' lang='lat' dir='ltr'>non</span> <span class='ocrx_word' id='word_1_211' title='bbox 1111 3133 1236 3201; x_wconf 82' lang='lat' dir='ltr'>quadret.</span> <span class='ocrx_word' id='word_1_212' title='bbox 1272 3133 1363 3202; x_wconf 88' lang='lat' dir='ltr'>Oppo-</span> 
     </span>
     <span class='ocr_line' id='line_1_27' title="bbox 224 3216 1362 3288; baseline 0.004 -18"><span class='ocrx_word' id='word_1_213' title='bbox 224 3216 265 3271; x_wconf 86' lang='lat' dir='ltr'>nit</span> <span class='ocrx_word' id='word_1_214' title='bbox 283 3218 354 3272; x_wconf 89' lang='lat' dir='ltr'>enim</span> <span class='ocrx_word' id='word_1_215' title='bbox 372 3224 466 3273; x_wconf 90' lang='lat' dir='ltr'>orator</span> <span class='ocrx_word' id='word_1_216' title='bbox 484 3217 673 3286; x_wconf 89' lang='lat' dir='ltr'>contionibus,</span> <span class='ocrx_word' id='word_1_217' title='bbox 692 3218 721 3272; x_wconf 90' lang='lat' dir='ltr'>in</span> <span class='ocrx_word' id='word_1_218' title='bbox 739 3219 852 3287; x_wconf 88' lang='lat' dir='ltr'>quibus,</span> <span class='ocrx_word' id='word_1_219' title='bbox 875 3235 936 3274; x_wconf 94' lang='lat' dir='ltr'>cum</span> <span class='ocrx_word' id='word_1_220' title='bbox 954 3219 988 3275; x_wconf 90' lang='lat' dir='ltr'>ad</span> <span class='ocrx_word' id='word_1_221' title='bbox 1006 3219 1148 3288; x_wconf 86' lang='lat' dir='ltr'>opiniones</span> <span class='ocrx_word' id='word_1_222' title='bbox 1166 3234 1362 3288; x_wconf 84' lang='lat' dir='ltr'>sermonesque</span> 
     </span>
     <span class='ocr_line' id='line_1_28' title="bbox 224 3302 1363 3375; baseline 0.004 -18"><span class='ocrx_word' id='word_1_223' title='bbox 224 3303 414 3371; x_wconf 89' lang='lat' dir='ltr'>imperitorum</span> <span class='ocrx_word' id='word_1_224' title='bbox 430 3302 545 3359; x_wconf 89' lang='lat' dir='ltr'>maxime</span> <span class='ocrx_word' id='word_1_225' title='bbox 564 3303 688 3373; x_wconf 86' lang='lat' dir='ltr'>valeant,</span> <span class='ocrx_word' id='word_1_226' title='bbox 713 3305 815 3359; x_wconf 89' lang='lat' dir='ltr'>veritas</span> <span class='ocrx_word' id='word_1_227' title='bbox 833 3305 922 3360; x_wconf 84' lang='lat' dir='ltr'>iaceat</span> <span class='ocrx_word' id='word_1_228' title='bbox 938 3304 1064 3373; x_wconf 82' lang='lat' dir='ltr'>falsaque</span> <span class='ocrx_word' id='word_1_229' title='bbox 1081 3304 1183 3359; x_wconf 89' lang='lat' dir='ltr'>invidia</span> <span class='ocrx_word' id='word_1_230' title='bbox 1200 3304 1363 3375; x_wconf 85' lang='lat' dir='ltr'>dominetur,</span> 
     </span>
     <span class='ocr_line' id='line_1_29' title="bbox 223 3386 1363 3460; baseline 0.005 -20"><span class='ocrx_word' id='word_1_231' title='bbox 223 3386 340 3458; x_wconf 87' lang='lat' dir='ltr'>iudicia,</span> <span class='ocrx_word' id='word_1_232' title='bbox 365 3405 493 3459; x_wconf 90' lang='lat' dir='ltr'>quorum,</span> <span class='ocrx_word' id='word_1_233' title='bbox 519 3391 645 3458; x_wconf 88' lang='lat' dir='ltr'>quoniam</span> <span class='ocrx_word' id='word_1_234' title='bbox 671 3406 688 3444; x_wconf 85' lang='lat' dir='ltr'>a</span> <span class='ocrx_word' id='word_1_235' title='bbox 712 3390 777 3444; x_wconf 89' lang='lat' dir='ltr'>viris</span> <span class='ocrx_word' id='word_1_236' title='bbox 802 3391 982 3460; x_wconf 86' lang='lat' dir='ltr'>prudentibus</span> <span class='ocrx_word' id='word_1_237' title='bbox 1011 3391 1182 3458; x_wconf 83' lang='lat' dir='ltr'>habeantur,</span> <span class='ocrx_word' id='word_1_238' title='bbox 1209 3391 1245 3445; x_wconf 87' lang='lat' dir='ltr'>sit</span> <span class='ocrx_word' id='word_1_239' title='bbox 1274 3391 1363 3446; x_wconf 85' lang='lat' dir='ltr'>falsae</span> 
     </span>
     <span class='ocr_line' id='line_1_30' title="bbox 224 3476 1362 3545; baseline -0.004 -11"><span class='ocrx_word' id='word_1_240' title='bbox 224 3477 340 3534; x_wconf 90' lang='lat' dir='ltr'>invidiae</span> <span class='ocrx_word' id='word_1_241' title='bbox 357 3477 488 3532; x_wconf 88' lang='lat' dir='ltr'>resistere</span> <span class='ocrx_word' id='word_1_242' title='bbox 506 3477 600 3543; x_wconf 89' lang='lat' dir='ltr'>eisque</span> <span class='ocrx_word' id='word_1_243' title='bbox 620 3476 689 3532; x_wconf 94' lang='lat' dir='ltr'>solis</span> <span class='ocrx_word' id='word_1_244' title='bbox 706 3477 791 3531; x_wconf 89' lang='lat' dir='ltr'>rebus</span> <span class='ocrx_word' id='word_1_245' title='bbox 808 3476 873 3544; x_wconf 90' lang='lat' dir='ltr'>niti,</span> <span class='ocrx_word' id='word_1_246' title='bbox 899 3492 969 3545; x_wconf 87' lang='lat' dir='ltr'>quae</span> <span class='ocrx_word' id='word_1_247' title='bbox 987 3477 1146 3545; x_wconf 84' lang='lat' dir='ltr'>exploratae</span> <span class='ocrx_word' id='word_1_248' title='bbox 1164 3476 1220 3529; x_wconf 90' lang='lat' dir='ltr'>sint</span> <span class='ocrx_word' id='word_1_249' title='bbox 1236 3478 1362 3542; x_wconf 86' lang='lat' dir='ltr'>omnique</span> 
     </span>
     <span class='ocr_line' id='line_1_31' title="bbox 225 3560 1361 3632; baseline -0.006 -12"><span class='ocrx_word' id='word_1_250' title='bbox 225 3563 381 3632; x_wconf 89' lang='lat' dir='ltr'>suspicione</span> <span class='ocrx_word' id='word_1_251' title='bbox 406 3567 524 3617; x_wconf 83' lang='lat' dir='ltr'>careant</span> <span class='ocrx_word' id='word_1_252' title='bbox 566 3565 658 3630; x_wconf 82' lang='lat' dir='ltr'>Atque</span> <span class='ocrx_word' id='word_1_253' title='bbox 683 3562 726 3617; x_wconf 88' lang='lat' dir='ltr'>his</span> <span class='ocrx_word' id='word_1_254' title='bbox 753 3564 840 3617; x_wconf 89' lang='lat' dir='ltr'>utitur</span> <span class='ocrx_word' id='word_1_255' title='bbox 864 3563 959 3616; x_wconf 82' lang='lat' dir='ltr'>Cicero</span> <span class='ocrx_word' id='word_1_256' title='bbox 984 3562 1091 3616; x_wconf 86' lang='lat' dir='ltr'>verbis:</span> <span class='ocrx_word' id='word_1_257' title='bbox 1116 3561 1215 3616; x_wconf 83' lang='lat' dir='ltr'>etenim</span> <span class='ocrx_word' id='word_1_258' title='bbox 1239 3560 1310 3614; x_wconf 88' lang='lat' dir='ltr'>sicut</span> <span class='ocrx_word' id='word_1_259' title='bbox 1334 3561 1361 3613; x_wconf 92' lang='lat' dir='ltr'>in</span> 
     </span>
     <span class='ocr_line' id='line_1_32' title="bbox 224 3645 1361 3717; baseline -0.005 -11"><span class='ocrx_word' id='word_1_260' title='bbox 224 3650 286 3706; x_wconf 85' lang='lat' dir='ltr'>aliis</span> <span class='ocrx_word' id='word_1_261' title='bbox 304 3649 387 3704; x_wconf 86' lang='lat' dir='ltr'>rebus</span> <span class='ocrx_word' id='word_1_262' title='bbox 406 3650 432 3717; x_wconf 85' lang='lat' dir='ltr'>(i.</span> <span class='ocrx_word' id='word_1_263' title='bbox 453 3664 476 3701; x_wconf 93' lang='lat' dir='ltr'>e.</span> <span class='ocrx_word' id='word_1_264' title='bbox 495 3649 524 3701; x_wconf 92' lang='lat' dir='ltr'>in</span> <span class='ocrx_word' id='word_1_265' title='bbox 542 3648 723 3717; x_wconf 86' lang='lat' dir='ltr'>contionibus)</span> <span class='ocrx_word' id='word_1_266' title='bbox 741 3665 838 3717; x_wconf 88' lang='lat' dir='ltr'>parum</span> <span class='ocrx_word' id='word_1_267' title='bbox 856 3647 1018 3702; x_wconf 87' lang='lat' dir='ltr'>firmamenti</span> <span class='ocrx_word' id='word_1_268' title='bbox 1042 3652 1070 3700; x_wconf 92' lang='lat' dir='ltr'>et</span> <span class='ocrx_word' id='word_1_269' title='bbox 1087 3662 1183 3713; x_wconf 88' lang='lat' dir='ltr'>parum</span> <span class='ocrx_word' id='word_1_270' title='bbox 1201 3645 1297 3699; x_wconf 88' lang='lat' dir='ltr'>virium</span> <span class='ocrx_word' id='word_1_271' title='bbox 1316 3661 1361 3701; x_wconf 92' lang='lat' dir='ltr'>ve·</span> 
     </span>
     <span class='ocr_line' id='line_1_33' title="bbox 224 3730 1362 3802; baseline -0.003 -12"><span class='ocrx_word' id='word_1_272' title='bbox 224 3738 292 3792; x_wconf 88' lang='lat' dir='ltr'>ritas</span> <span class='ocrx_word' id='word_1_273' title='bbox 312 3735 403 3801; x_wconf 86' lang='lat' dir='ltr'>habet,</span> <span class='ocrx_word' id='word_1_274' title='bbox 422 3733 463 3788; x_wconf 89' lang='lat' dir='ltr'>sic</span> <span class='ocrx_word' id='word_1_275' title='bbox 480 3736 508 3789; x_wconf 91' lang='lat' dir='ltr'>in</span> <span class='ocrx_word' id='word_1_276' title='bbox 524 3734 578 3789; x_wconf 89' lang='lat' dir='ltr'>hoc</span> <span class='ocrx_word' id='word_1_277' title='bbox 595 3735 656 3790; x_wconf 92' lang='lat' dir='ltr'>loco</span> <span class='ocrx_word' id='word_1_278' title='bbox 673 3737 700 3802; x_wconf 85' lang='lat' dir='ltr'>(i.</span> <span class='ocrx_word' id='word_1_279' title='bbox 719 3751 742 3789; x_wconf 90' lang='lat' dir='ltr'>e.</span> <span class='ocrx_word' id='word_1_280' title='bbox 759 3733 788 3787; x_wconf 91' lang='lat' dir='ltr'>in</span> <span class='ocrx_word' id='word_1_281' title='bbox 806 3733 925 3799; x_wconf 88' lang='lat' dir='ltr'>iudiciis)</span> <span class='ocrx_word' id='word_1_282' title='bbox 942 3732 1013 3787; x_wconf 80' lang='lat' dir='ltr'>falsa</span> <span class='ocrx_word' id='word_1_283' title='bbox 1027 3731 1129 3785; x_wconf 89' lang='lat' dir='ltr'>invidia</span> <span class='ocrx_word' id='word_1_284' title='bbox 1147 3730 1285 3785; x_wconf 89' lang='lat' dir='ltr'>imbecilla</span> <span class='ocrx_word' id='word_1_285' title='bbox 1303 3747 1362 3788; x_wconf 91' lang='lat' dir='ltr'>esse</span> 
     </span>
     <span class='ocr_line' id='line_1_34' title="bbox 226 3815 1362 3890; baseline -0.005 -13"><span class='ocrx_word' id='word_1_286' title='bbox 226 3822 319 3877; x_wconf 87' lang='lat' dir='ltr'>debet.</span> <span class='ocrx_word' id='word_1_287' title='bbox 354 3820 438 3875; x_wconf 89' lang='lat' dir='ltr'>Vides</span> <span class='ocrx_word' id='word_1_288' title='bbox 452 3821 536 3890; x_wconf 82' lang='lat' dir='ltr'>igitur</span> <span class='ocrx_word' id='word_1_289' title='bbox 553 3821 628 3876; x_wconf 90' lang='lat' dir='ltr'>nullo</span> <span class='ocrx_word' id='word_1_290' title='bbox 646 3820 725 3874; x_wconf 88' lang='lat' dir='ltr'>modo</span> <span class='ocrx_word' id='word_1_291' title='bbox 744 3817 804 3873; x_wconf 88' lang='lat' dir='ltr'>fieri</span> <span class='ocrx_word' id='word_1_292' title='bbox 821 3833 919 3886; x_wconf 90' lang='lat' dir='ltr'>posse,</span> <span class='ocrx_word' id='word_1_293' title='bbox 948 3824 978 3871; x_wconf 92' lang='lat' dir='ltr'>ut</span> <span class='ocrx_word' id='word_1_294' title='bbox 998 3815 1131 3869; x_wconf 91' lang='lat' dir='ltr'>inlocum</span> <span class='ocrx_word' id='word_1_295' title='bbox 1151 3816 1225 3869; x_wconf 90' lang='lat' dir='ltr'>verbi</span> <span class='ocrx_word' id='word_1_296' title='bbox 1244 3817 1362 3873; x_wconf 87' lang='lat' dir='ltr'>‘veritas’</span> 
     </span>
     <span class='ocr_line' id='line_1_35' title="bbox 224 3899 1361 3974; baseline -0.003 -13"><span class='ocrx_word' id='word_1_297' title='bbox 224 3907 348 3962; x_wconf 80' lang='lat' dir='ltr'>‘salsitas&#39;</span> <span class='ocrx_word' id='word_1_298' title='bbox 365 3907 563 3974; x_wconf 84' lang='lat' dir='ltr'>substituatur,</span> <span class='ocrx_word' id='word_1_299' title='bbox 590 3922 644 3973; x_wconf 86' lang='lat' dir='ltr'>que</span> <span class='ocrx_word' id='word_1_300' title='bbox 663 3902 873 3959; x_wconf 85' lang='lat' dir='ltr'>commutatione</span> <span class='ocrx_word' id='word_1_301' title='bbox 892 3909 951 3957; x_wconf 87' lang='lat' dir='ltr'>tota</span> <span class='ocrx_word' id='word_1_302' title='bbox 968 3901 1049 3955; x_wconf 90' lang='lat' dir='ltr'>huius</span> <span class='ocrx_word' id='word_1_303' title='bbox 1068 3899 1121 3954; x_wconf 93' lang='lat' dir='ltr'>loci</span> <span class='ocrx_word' id='word_1_304' title='bbox 1141 3901 1279 3958; x_wconf 90' lang='lat' dir='ltr'>sententia</span> <span class='ocrx_word' id='word_1_305' title='bbox 1295 3904 1361 3957; x_wconf 91' lang='lat' dir='ltr'>sub·</span> 
     </span>
     <span class='ocr_line' id='line_1_36' title="bbox 224 3979 1361 4062; baseline -0.002 -16"><span class='ocrx_word' id='word_1_306' title='bbox 224 3993 339 4048; x_wconf 88' lang='lat' dir='ltr'>vertitur</span> <span class='ocrx_word' id='word_1_307' title='bbox 356 3999 438 4062; x_wconf 85' lang='lat' dir='ltr'>atque</span> <span class='ocrx_word' id='word_1_308' title='bbox 457 3993 579 4048; x_wconf 88' lang='lat' dir='ltr'>deletur:</span> <span class='ocrx_word' id='word_1_309' title='bbox 603 4000 634 4046; x_wconf 94' lang='lat' dir='ltr'>ut</span> <span class='ocrx_word' id='word_1_310' title='bbox 652 3991 755 4059; x_wconf 91' lang='lat' dir='ltr'>primus</span> <span class='ocrx_word' id='word_1_311' title='bbox 773 3989 912 4043; x_wconf 89' lang='lat' dir='ltr'>Arnobius</span> <span class='ocrx_word' id='word_1_312' title='bbox 937 3987 1008 4041; x_wconf 89' lang='lat' dir='ltr'>hanc</span> <span class='ocrx_word' id='word_1_313' title='bbox 1026 4001 1119 4040; x_wconf 90' lang='lat' dir='ltr'>vocem</span> <span class='ocrx_word' id='word_1_314' title='bbox 1140 3979 1290 4057; x_wconf 87' lang='lat' dir='ltr'>usurpasse</span> <span class='ocrx_word' id='word_1_315' title='bbox 1308 3998 1361 4044; x_wconf 88' lang='lat' dir='ltr'>sta·</span> 
     </span>
    </p>
   </div>
   <div class='ocr_carea' id='block_1_5' title="bbox 225 4080 1360 4234">
    <p class='ocr_par' dir='ltr' id='par_1_8' title="bbox 225 4080 1360 4234">
     <span class='ocr_line' id='line_1_37' title="bbox 225 4080 1360 4234; baseline -0.008 -14"><span class='ocrx_word' id='word_1_316' title='bbox 225 4080 472 4234; x_wconf 56' lang='lat' dir='ltr'>tuenglscdnllerg.</span> <span class='ocrx_word' id='word_1_317' title='bbox 494 4165 561 4218; x_wconf 88' lang='lat' dir='ltr'>Aen.</span> <span class='ocrx_word' id='word_1_318' title='bbox 579 4161 611 4229; x_wconf 94' lang='lat' dir='ltr'>V,</span> <span class='ocrx_word' id='word_1_319' title='bbox 632 4163 695 4226; x_wconf 76' lang='lat'><strong>6873</strong></span> <span class='ocrx_word' id='word_1_320' title='bbox 720 4161 790 4229; x_wconf 89' lang='lat' dir='ltr'>Xll,</span> <span class='ocrx_word' id='word_1_321' title='bbox 807 4163 874 4227; x_wconf 75' lang='lat'>517;</span> <span class='ocrx_word' id='word_1_322' title='bbox 899 4162 966 4228; x_wconf 80' lang='lat'>8183</span> <span class='ocrx_word' id='word_1_323' title='bbox 986 4159 1059 4214; x_wconf 86' lang='lat' dir='ltr'>Flor.</span> <span class='ocrx_word' id='word_1_324' title='bbox 1079 4163 1110 4229; x_wconf 81' lang='lat'>4,</span> <span class='ocrx_word' id='word_1_325' title='bbox 1130 4166 1180 4229; x_wconf 73' lang='lat'>113</span> <span class='ocrx_word' id='word_1_326' title='bbox 1199 4163 1272 4221; x_wconf 82' lang='lat' dir='ltr'>Curt.</span> <span class='ocrx_word' id='word_1_327' title='bbox 1291 4164 1317 4228; x_wconf 82' lang='lat'>8,</span> <span class='ocrx_word' id='word_1_328' title='bbox 1336 4165 1360 4217; x_wconf 88' lang='lat'>7.</span> 
     </span>
    </p>
   </div>
   <div class='ocr_carea' id='block_1_6' title="bbox 0 0 1460 4928">
    <p class='ocr_par' dir='ltr' id='par_1_9' title="bbox 0 0 1460 4928">
     <span class='ocr_line' id='line_1_38' title="bbox 0 0 1460 4928; baseline 0 0"><span class='ocrx_word' id='word_1_329' title='bbox 0 0 1460 4928; x_wconf 95' lang='lat' dir='ltr'> </span> 
     </span>
    </p>
   </div>
  </div>
 </body>
</html>
