2910 4928
617 404 831 465 ..53-

158 575 353 657 scriptorum
382 574 601 636 Romanorum
631 592 695 635 non
723 571 899 650 iuvenitur,
926 570 988 633 nisi
1018 569 1105 652 quod
1132 570 1165 632 in
1185 570 1292 634 Ovidii

158 684 356 751 carminibus
384 689 514 751 exstant
546 684 642 749 talia:
675 682 868 748 contrahere
899 682 1022 748 vultum
1050 683 1113 766 (ep.
1137 702 1178 745 ex
1199 681 1290 746 Pont.

156 798 211 877 IV,
234 802 262 877 3,
285 799 333 880 7),
355 796 487 862 trahere
510 796 633 860 vultum
656 797 770 879 (amor.
794 795 833 874 Π,
860 800 888 875 2,
910 795 973 878 33).

243 908 313 973 Iam
322 908 453 973 adalias
462 928 525 987 res,
538 928 622 990 quae
631 906 673 971 ad
683 907 834 991 syntaxin
842 907 1015 990 pertinent,
1032 905 1218 970 transituris
1225 905 1291 988 pri-

159 1041 246 1084 mum
263 1019 357 1085 nobis
378 1019 578 1084 afferendum
595 1024 645 1084 est
662 1039 788 1083 summa
806 1039 878 1082 cum
893 1017 1026 1082 licentia
1041 1017 1292 1100 comparationis

160 1132 279 1214 gradus
295 1152 375 1214 quos
398 1131 510 1196 dicunt
527 1129 739 1214 grammatici,
760 1130 845 1194 inter
862 1151 896 1193 se
909 1135 1112 1213 permutasse
1125 1129 1291 1207 Avianum,

160 1244 250 1308 cuius
260 1243 396 1307 rationis
405 1243 560 1326 exemplis
568 1262 765 1325 quamquam
773 1242 881 1325 prima
889 1241 954 1305 iam
965 1245 1103 1306 exeunte
1111 1240 1213 1306 altero
1223 1261 1293 1305 sae-

158 1355 230 1420 culo
255 1355 383 1419 obviam
404 1354 495 1434 fiunt,
520 1354 623 1419 serior
644 1359 754 1417 tamen
777 1352 970 1418 fabulatoris
987 1353 1075 1417 illius
1097 1358 1189 1417 aetas
1209 1353 1292 1416 indi-

158 1472 259 1531 catur.
305 1467 352 1530 Ac
381 1466 514 1530 maximi
541 1465 576 1528 in
606 1464 668 1529 hoc
698 1485 815 1547 genere
845 1465 1000 1529 momenti
1031 1469 1097 1545 est,
1127 1463 1215 1547 quod
1241 1463 1292 1529 bis

155 1577 228 1642 loco
258 1577 449 1661 superlativi
481 1577 737 1660 comparativum
768 1576 911 1642 Avienus
937 1575 1122 1660 usurpavit,
1153 1596 1229 1640 nam
1259 1577 1293 1639 in

159 1690 228 1753 eius
250 1688 370 1753 fabulis
392 1689 516 1772 scripta
535 1687 673 1771 legimus
693 1687 791 1752 haee:

261 1799 282 1863 f.
303 1805 333 1878 4,
358 1806 448 1883 esq:
471 1800 621 1865 convenit
634 1799 720 1864 hanc
733 1799 843 1882 potius
855 1801 880 1884 ¹)
900 1799 952 1863 liti
963 1799 1144 1882 praefigere
1159 1819 1291 1864 causam

466 1911 568 1995 pallia
588 1911 711 1975 nudato
734 1909 929 1975 decutienda
950 1911 1028 1975 viro.

262 2022 282 2086 f.
308 2028 356 2102 14,
382 2028 396 2088 l
412 2044 477 2106 sq:
499 2024 647 2106 luppiter
666 2022 700 2086 in
718 2027 788 2086 toto
804 2021 968 2105 quondam
980 2023 1187 2105 quaesiverat
1205 2022 1292 2102 orbe,

449 2155 601 2208 ,munera
621 2139 773 2199 natorum
795 2134 850 2216 qui
872 2134 1007 2199 meliora
1030 2133 1131 2199 daret.

157 2247 206 2310 De
224 2269 289 2328 qua
305 2246 518 2329 comparativi
534 2251 567 2309 et
580 2245 769 2328 superlativi
781 2245 868 2329 apud
884 2245 1014 2310 serioris
1030 2246 1101 2310 aevi
1118 2246 1293 2329 scriptores

157 2357 398 2441 permutatione
412 2356 654 2421 accuratissime
673 2357 739 2441 egit
755 2356 968 2422 Woelfflinius
990 2359 1023 2421 in
1045 2357 1215 2441 praeclaro
1236 2336 1302 2422 illo¹

157 2469 251 2547 libro,
270 2469 326 2550 qui
333 2467 537 2532 inscribitur:
555 2467 655 2548 „iiber
662 2468 714 2533 die
723 2468 914 2533 lateinische
923 2469 989 2534 und
997 2469 1200 2533 romanisohe
1208 2491 1293 2533 com-

158 2581 329 2664 paration“
359 2602 390 2662 p.
423 2585 463 2645 68
474 2600 542 2662 sqq.
593 2580 625 2644 Is
655 2581 772 2663 igitur,
805 2601 878 2645 cum
905 2580 971 2645 iam
1002 2580 1090 2664 apud
1117 2582 1294 2664 superioris

158 2692 277 2756 aetatis
302 2692 487 2775 scriptoreS,
510 2695 548 2756 ut
570 2692 659 2774 apud
681 2695 848 2756 auctorem
870 2691 947 2757 belli
970 2692 1115 2757 Africani
1137 2692 1217 2756 talia
1239 2714 1293 2757 ex-

159 2809 248 2868 stare
271 2802 375 2868 dicat:
405 2802 599 2868 illustriores
626 2803 851 2885 notissimique
882 2803 1172 2888 (3111111156,
1206 2807 1238 2888 3)
1261 2809 1295 2868 et

160 2915 247 2999 apud
259 2916 414 2981 Plinium:
438 2916 578 2981 omnium
595 2916 833 3000 triumphorum
850 2915 967 3000 adepte
980 2916 1127 2981 lauream
1138 2917 1293 2982 maiorem

160 3027 247 3111 (hist.
270 3034 336 3092 nat.
361 3034 396 3107 7,
418 3029 472 3111 31)
497 3033 530 3092 et
552 3026 639 3110 apud
662 3028 827 3092 Tacitum:
860 3033 1043 3092 ceterorum
1063 3028 1294 3094 Britannorum

157 3138 358 3221 fugacissimi
371 3140 491 3223 (Agric.
519 3141 583 3224 34),
607 3145 744 3204 exeunte
764 3139 894 3204 saeculo
918 3140 1020 3204 altero
1038 3139 1293 3223 comparativum

159 3251 349 3334 superlativi
371 3252 443 3315 loco
459 3256 652 3334 usurpatum
673 3271 788 3315 revera
808 3250 945 3316 inveniri
962 3252 1165 3316 demonstrat
1186 3273 1294 3317 exem·

157 3362 220 3444 plis
243 3361 352 3428 allatis
370 3384 410 3426 ex
426 3363 574 3427 Itinerar.
592 3361 765 3427 Alexandr.
789 3369 807 3428 9
823 3363 907 3447 (21):
932 3363 1078 3446 quisquis
1092 3367 1164 3427 erat
1186 3364 1292 3447 prior;

158 3495 198 3537 ex
210 3473 318 3537 Herm.
331 3480 414 3557 past.
428 3474 522 3539 simil.
539 3480 568 3553 8,
584 3480 611 3554 5,
636 3479 653 3537 6
665 3499 672 3538 :
695 3475 799 3538 maior
813 3495 891 3558 pars
901 3508 945 3528 =
957 3473 995 3543 τὸ
1006 3482 1162 3542 πλεῖστον
1176 3476 1290 3561 picas,

159 3606 198 3648 ex
217 3585 334 3650 Minue.
354 3585 450 3649 Felic.
474 3592 503 3663 2,
529 3590 563 3650 l:
585 3585 673 3668 quod
695 3589 744 3650 est
763 3585 944 3666 amabilius,
967 3587 1019 3650 all.
1066 3586 1128 3664 Qui
1147 3608 1225 3651 usus
1246 3587 1293 3648 la-

157 3695 254 3760 bente
283 3697 387 3778 magis
414 3697 581 3779 magisque
608 3697 720 3779 lingua
739 3696 857 3761 Latina
887 3703 919 3762 et
943 3699 1112 3780 ingruente
1139 3697 1293 3761 barbarie

158 3806 277 3888 viguit,
313 3813 350 3871 ut
378 3807 467 3891 apud
495 3807 693 3874 Martianum
721 3809 886 3892 Capellam
916 3809 1104 3893 saepissime
1135 3809 1215 3873 talia
1244 3809 1293 3872 in-

160 3918 340 3983 veniantur.
391 3921 499 4002 Atque
530 3921 628 3984 etiam
658 3921 780 3985 Avianc
814 3921 894 3984 satis
925 3921 1066 3985 usitatus
1091 3920 1144 3984 hic
1173 3919 1293 3984 abusus

227 4103 251 4170 1)
271 4100 311 4153 sic
334 4100 441 4154 codices
460 4116 568 4167 omnes3
592 4099 651 4155 siue
675 4115 759 4154 causa
775 4098 916 4154 Baehrens
941 4100 1064 4168 reposuit
1082 4099 1195 4167 ‘citius’,
1222 4116 1291 4168 quae

157 4185 315 4240 coniectura
333 4185 372 4240 eis
391 4185 491 4253 rebus,
519 4201 588 4253 quas
615 4201 699 4254 supra
719 4184 811 4252 attuli,
839 4186 891 4239 ium
917 4186 983 4240 satis
1008 4186 1127 4241 refutata
1144 4202 1207 4241 esse
1227 4185 1293 4240 mihi

155 4271 269 4326 videtur.
