2910 4928
613 374 828 435 ..23-

242 539 313 617 Qua
341 561 380 602 ex
411 539 524 604 tabula
553 541 638 604 inter
669 540 845 605 Ausonium
875 545 908 605 et
935 541 1146 618 Venantium,
1178 540 1205 603 si
1233 562 1296 602 nu-

154 671 279 715 merum
301 652 550 734 productionem
580 653 613 716 in
637 674 774 716 caesura
793 652 990 736 pentametri
1014 651 1235 716 adbibitarum
1260 658 1296 715 et

154 761 265 826 hiatus
284 761 318 826 in
341 763 454 827 eadem
478 763 554 827 sede
577 763 710 828 admissi
733 785 805 828 eum
831 785 964 828 numero
987 785 1138 831 versuum
1160 768 1294 827 exstan-

155 873 236 936 tium
255 875 559 956 comparaverimus,
582 875 788 938 inserendum
808 896 879 939 esse
895 876 1053 940 Asianum
1068 875 1294 956 cognoscimus

156 987 275 1066 atque,
309 985 468 1067 siquidem
496 1007 536 1048 ex
556 985 618 1049 hac
641 1006 676 1048 re
699 984 862 1050 conclusio
886 986 925 1049 de
950 990 1058 1050 aetate
1080 985 1151 1049 fieri
1173 991 1295 1069 potest,

58 1118 67 1127 ··
155 1095 241 1161 inter
264 1097 441 1160 Ausonium
463 1102 495 1161 et
519 1096 711 1160 Venantium
733 1095 926 1161 fabulatoris
945 1096 1032 1161 illius
1056 1102 1198 1177 aetatem
1221 1119 1295 1161 esse

157 1205 424 1271 constituendam.
439 1209 462 1290 ¹)

159 1374 363 1382 m-

96 1530 104 1559 ,
159 1495 212 1546 que
231 1481 332 1551 elegias
352 1497 473 1550 pangere
493 1483 607 1537 Romani
627 1482 792 1549 didicerunt,
819 1483 960 1551 usquead
979 1482 1116 1537 saeculum
1135 1498 1162 1550 p.
1183 1482 1245 1536 Chr.
1266 1500 1294 1537 n.

158 1566 302 1634 septimum
316 1567 496 1637 perlegimus3
516 1569 565 1622 sed
585 1584 677 1623 cerum
696 1575 800 1622 tantum
818 1574 960 1636 poetarum
978 1570 1086 1622 nomina
1105 1569 1295 1636 ascripsimus,

157 1650 185 1706 in
206 1668 318 1720 qnorum
339 1654 472 1722 poematis
493 1671 540 1708 eae
560 1655 594 1709 de
613 1654 712 1723 quibus
731 1654 902 1720 disputamus
921 1654 1046 1708 licentiae
1065 1653 1248 1707 inveniuntur.

228 1741 252 1807 1)
264 1739 307 1794 lta
325 1741 449 1808 quoniam
463 1747 560 1807 quarto
574 1741 616 1794 vel
633 1738 728 1808 quinte
747 1740 856 1793 saeculo
870 1741 1000 1794 Asianum
1014 1741 1156 1808 assignare
1175 1739 1294 1794 certissi-

159 1824 208 1878 mis
225 1824 333 1880 indiciis
353 1825 489 1894 cogimur,
512 1843 546 1880 ue
565 1843 598 1880 ea
616 1826 724 1892 quidem
744 1825 867 1894 syllabae
885 1826 976 1880 brevis
995 1825 1175 1894 productione
1194 1824 1295 1878 offendi

158 1910 296 1979 debemus,
316 1927 387 1978 quae
405 1917 495 1966 exstat
512 1911 540 1964 in
560 1911 669 1965 fabulae
688 1910 790 1964 XXXV
808 1926 888 1964 versu
907 1911 958 1964 Νι

263 1997 376 2051 alterius
395 1996 464 2050 ediis
483 2003 642 2051 exsaturata
661 2005 753 2063 tumet,

159 2082 187 2135 in
207 2099 260 2150 quo
278 2083 352 2136 vocis
370 2082 501 2138 ‘alterius'
529 2081 637 2150 syllaba
663 2080 758 2135 ultima
784 2081 853 2136 arsis
872 2083 896 2134 vi
916 2080 1085 2148 producitur.
1122 2081 1180 2136 lles
1199 2098 1294 2137 versus

161 2173 190 2220 ut
208 2167 316 2235 spurios
342 2168 457 2222 eiecisse
477 2168 678 2222 lraebmaenum
703 2167 756 2220 iam
774 2168 834 2234 ipse
852 2167 941 2221 anime
961 2173 1008 2220 tuo
1027 2167 1156 2235 colligere
1175 2167 1295 2235 peteris:

138 2244 247 2319 'neque
265 2254 350 2308 selum
369 2255 421 2308 hoc
440 2253 576 2309 distichon
603 2253 679 2307 micis
704 2252 816 2307 inclusit
841 2253 888 2307 scd
918 2252 998 2306 etiam
1024 2253 1052 2307 id
1070 2253 1143 2319 qood
1162 2254 1295 2320 sequitur.

162 2339 258 2392 Verum
280 2340 308 2392 hi
325 2356 417 2395 versus
435 2341 536 2409 optime
555 2347 583 2392 et
600 2339 750 2394 arctissime
769 2344 870 2394 etcum
888 2338 1110 2393 antecedentibus
1130 2348 1157 2394 ct
1178 2355 1236 2393 cum
1254 2340 1294 2392 in·

161 2424 340 2491 sequentibus
358 2428 505 2495 cohaerent
522 2425 607 2493 adce,
626 2432 656 2479 ut
674 2439 768 2479 carere
787 2426 825 2479 eis
842 2440 1016 2491 nequeamus.
1055 2424 1087 2478 Id
1105 2425 1174 2479 enim
1197 2429 1296 2492 poetae

161 2509 300 2564 consilium
320 2519 376 2580 est,
403 2519 433 2565 ut
457 2513 545 2579 primo
570 2514 598 2566 in
624 2513 778 2565 universum
807 2510 961 2578 describat,
990 2510 1122 2579 quemad
1141 2510 1248 2564 modum
1267 2510 1294 2563 in

69 2662 72 2669 Ι
163 2595 284 2662 gemines
296 2595 367 2652 filios
384 2614 500 2652 amorem
516 2597 593 2651 simia
607 2596 720 2663 dividat,
736 2595 835 2650 deinde
845 2605 972 2663 exponat,
990 2612 1043 2664 quo
1053 2611 1115 2648 casu
1127 2595 1184 2662 flat,
1200 2602 1297 2649 utsae·

161 2697 308 2748 penrrmero
323 2689 494 2751 contemptus
513 2683 540 2736 in
560 2682 618 2736 cari
636 2681 684 2735 filii
704 2697 809 2735 amores
827 2680 964 2735 succedat.
1001 2680 1100 2735 Verum
1118 2681 1141 2734 si
1161 2696 1254 2734 versus
1272 2681 1296 2733 V

161 2775 188 2822 et
208 2767 243 2820 VI
258 2769 388 2837 delemus,
408 2771 517 2823 omnine
535 2785 589 2822 non
607 2767 794 2836 intellegimus,
815 2767 862 2836 qui
880 2767 935 2834 fiat,
955 2772 985 2820 ut
1003 2767 1079 2820 simia
1097 2772 1182 2820 mater
1201 2766 1297 2834 fugiat,

160 2853 187 2906 id
207 2854 279 2921 qued
297 2861 324 2908 ct
343 2856 370 2909 in
390 2872 469 2910 versu
487 2856 511 2908 X
532 2861 559 2908 et
576 2857 604 2909 in
622 2854 676 2908 Xll
695 2859 777 2922 poeta
794 2861 913 2908 enarrat.
951 2853 1070 2908 Necesse
1088 2854 1171 2920 igitur
1189 2858 1231 2907 est
1250 2868 1296 2904 aa·

162 2946 206 2994 tea
224 2941 341 3010 scriptor
365 2941 538 3010 exposuerit,
564 2957 619 3009 qua
644 2956 674 2994 re
699 2939 847 3007 perterrita
868 2940 946 2994 simia
964 2938 1044 3006 togae
1063 2954 1092 2994 se
1111 2938 1296 3001 mandaverim

166 3027 236 3080 uude
255 3027 372 3082 efficitur
388 3043 483 3082 versus
501 3027 524 3081 V
542 3033 570 3081 et
587 3027 624 3080 Vl
642 3027 762 3094 integros
776 3042 833 3080 esse
845 3026 1047 3095 relinquendos.
1084 3024 1159 3091 Ques
1172 3024 1297 3092 quoniam

2 3110 5 3116 '
104 3168 107 3173 ,
165 3111 190 3164 in
210 3119 341 3167 contextu
359 3116 479 3168 retinere
491 3114 578 3168 eoacti
596 3128 697 3181 sumas,
716 3127 810 3166 versus
824 3128 931 3181 quoque
948 3111 988 3165 llI
1009 3120 1036 3165 et
1048 3111 1085 3162 lV
1100 3126 1148 3164 eur
1160 3110 1298 3177 eiciamus,

163 3213 216 3251 nen
237 3199 382 3254 babemus:
401 3216 462 3254 nam
481 3199 590 3252 minime
609 3199 651 3253 bis
669 3199 739 3253 idem
753 3198 907 3265 exponitur,
926 3196 996 3265 qued
1015 3197 1068 3251 iam
1087 3196 1212 3250 versibus
1231 3194 1297 3248 duo·

163 3283 215 3338 bus
235 3284 329 3351 primis
347 3293 486 3340 narratam
512 3294 568 3349 est;
598 3286 646 3340 sed
671 3300 730 3337 enm
758 3285 786 3337 in
810 3284 934 3338 versibus
953 3283 1047 3351 primis
1066 3281 1210 3336 admodum
1230 3297 1298 3348 vage

163 3375 246 3437 atque
264 3371 390 3440 ambigue
414 3371 515 3427 dietum
540 3371 588 3425 sit:
616 3371 694 3426 simia
719 3369 815 3424 dividit
841 3370 958 3438 pignera
981 3375 1046 3422 nata
1064 3369 1091 3422 in
1110 3369 1198 3421 varias
1216 3367 1298 3432 vices,

165 3472 234 3523 quae
253 3457 307 3511 sint
323 3458 414 3513 variae
432 3458 593 3525 illacrima,
612 3458 699 3511 altero
719 3455 837 3510 disticho
853 3455 1010 3510 accuratius
1023 3452 1194 3508 describitur.
1222 3451 1297 3516 Quae

165 3559 223 3596 eum
243 3543 283 3597 ita
302 3544 365 3612 sint,
384 3562 439 3600 nen
453 3545 603 3599 delebimus
617 3544 666 3597 hes
681 3556 790 3608 versus;
808 3557 923 3607 eumque
939 3538 1092 3594 emendatio
1112 3535 1297 3601 ‘alteriusque'

164 3629 348 3685 aCabeliavio
367 3631 509 3699 proposita
525 3631 559 3685 ab
579 3646 630 3685 usu
640 3627 773 3683 sermonis
782 3627 904 3694 Romani,
923 3625 970 3693 qui
989 3638 1093 3689 semper
1110 3616 1299 3683 ἅσυνθετικῶς

164 3716 252 3770 ‘unus‘
270 3722 298 3770 et
316 3716 402 3770 ‘alter’
421 3717 491 3771 inter
505 3731 536 3770 se
554 3716 716 3782 coniungere
732 3711 864 3778 solebant,
880 3711 1026 3766 abhorreat
1044 3708 1089 3776 (ef.
1108 3706 1223 3760 Phaedr.
1243 3706 1298 3760 fab.

166 3801 356 3870 datm:

268 3903 337 3943 unus
358 3889 462 3943 terebat
479 3887 561 3942 fiscos
580 3904 638 3942 eum
658 3884 783 3954 pecunia,

268 3973 338 4028 alter
356 3979 490 4030 tumentes
508 3971 593 4028 multo
611 3986 704 4026 saccos
721 3967 824 4024 hordeo

166 4067 193 4114 et
210 4057 267 4115 lab.
285 4060 318 4127 V,
336 4063 362 4127 2,
382 4064 395 4113 1
415 4073 470 4128 sq:

268 4144 321 4201 duo
339 4161 402 4201 cum
419 4143 579 4199 incidissent
596 4143 625 4197 in
641 4143 775 4198 latronem
795 4140 904 4208 milites,

268 4247 337 4288 unus
354 4229 486 4304 profugit,
503 4229 573 4286 alter
590 4235 680 4287 autem
698 4228 812 4298 restitit)
