2910 4928
619 400 834 462 ..41-

164 569 330 650 gnificatio
353 570 493 652 primum
509 567 673 631 iuvenitur
688 567 776 650 apud
790 567 983 650 Eutropium
1005 571 1039 631 et
1057 566 1261 631 Ammianum
1273 569 1298 652 ¹)

163 687 262 766 atque
289 680 331 746 ab
361 701 399 745 eo
430 685 578 771 tempore
608 679 711 762 magis
734 679 903 762 magisque
928 677 1047 760 riguit3
1077 698 1176 761 quam
1198 680 1226 744 si
1248 680 1296 744 in·

162 794 307 860 venimus
332 792 421 875 opud
442 791 617 870 Arianum,
647 791 701 855 cui
728 791 830 855 aetati
858 790 887 855 is
909 790 953 855 sit
972 789 1204 874 assignandus,
1238 811 1297 875 per

164 927 199 972 se
220 909 314 989 patet
324 906 360 989 2).
927 893 929 896 ’

249 1015 318 1080 Iam
340 1015 479 1080 alterum
502 1012 685 1098 exemplum
714 1012 872 1079 habemus
899 1013 934 1077 in
965 1012 1097 1078 fabulae
1126 1013 1174 1079 lll
1201 1034 1297 1079 versu

163 1115 203 1207 ll,
226 1148 289 1209 quo
311 1126 383 1191 loco
405 1124 526 1190 ‘relisit'
542 1125 761 1210 perscriptum
772 1124 915 1190 omnium
929 1123 1088 1191 librorum
1102 1127 1296 1209 consensu³)

164 1228 344 1303 exhibetur,
397 1220 487 1317 Quae
516 1257 578 1302 vox
605 1236 723 1322 priscis
749 1235 951 1320 temporibus
982 1234 1070 1319 apud
1098 1257 1197 1301 unum
1227 1236 1297 1302 Sal·

160 1351 297 1415 lustium
316 1353 424 1415 exstat
452 1348 487 1412 in
516 1347 629 1413 histor.
658 1348 679 1413 l.
701 1349 745 1414 IV
767 1346 951 1431 fragmento
973 1346 1095 1414 XXXV
1118 1347 1180 1434 (ed.
1204 1348 1296 1413 Kritz
1350 1336 1352 1340 Α

161 1483 191 1525 a.
224 1461 338 1545 1853),
369 1480 466 1543 quem
493 1457 601 1523 locum
630 1458 761 1526 Servius
792 1458 844 1527 od.
867 1459 962 1542 Verg.
991 1459 1070 1524 Aen.
1098 1459 1147 1524 III
1175 1483 1203 1525 v.
1234 1465 1297 1525 414

162 1572 330 1656 ascripsit:
351 1571 476 1636 ‘Italiae
491 1569 634 1636 Siciliam
651 1619 760 1635 ......
777 1576 904 1637 aestum
918 1569 1054 1651 relidit'3
1075 1570 1110 1634 in
1135 1591 1201 1653 qua
1220 1592 1298 1637 voce

163 1682 343 1767 repellendi
372 1683 536 1747 notionem
568 1681 675 1747 inesse
708 1681 807 1747 rides.
859 1681 924 1747 Sed
956 1685 1073 1765 quarto
1102 1704 1133 1764 p.
1164 1680 1237 1746 Chr.
1267 1703 1298 1746 n.

163 1794 293 1860 saeculo
317 1815 391 1860 cum
418 1794 481 1859 hoc
506 1792 700 1858 vocabulum
723 1792 909 1873 revixisset,
939 1792 1023 1856 aliae
1045 1792 1298 1875 significationes

163 1907 194 1970 ei
220 1905 387 1972 subiectae
418 1910 507 1986 sunt,
537 1903 625 1970 velut
654 1905 835 1970 resultandi
863 1925 883 1970 a
909 1903 1069 1996 Vesontio
1100 1904 1297 1986 Fortunot03

164 2021 263 2100 atque
292 2017 335 2082 ad
357 2037 430 2082 eam
452 2037 551 2100 quam
572 2016 634 2081 hoc
660 2015 732 2081 loco
741 2017 768 2101 ι)
799 2015 957 2082 tributam
978 2015 1077 2081 verbo
1099 2014 1148 2080 illi
1170 2016 1298 2099 reperi·

234 2285 259 2352 1)
276 2282 393 2350 Eutrop.
410 2283 436 2350 7,
454 2284 480 2349 2,
497 2283 530 2349 33
546 2281 670 2336 Mscrob.
689 2280 745 2336 Sat
763 2282 786 2350 1,
805 2282 846 2349 11,
863 2282 906 2336 45.

132 2356 136 2363 ’
230 2367 257 2436 2)
276 2366 377 2422 Exstat
394 2366 464 2422 haec
480 2384 533 2423 ror
551 2367 644 2422 eadem
655 2366 855 2434 significatione
866 2375 999 2437 usurpsta
1016 2366 1045 2421 in
1057 2366 1139 2422 Gellii
1157 2373 1229 2423 noct.
1247 2373 1298 2424 att.

160 2454 178 2508 l.
204 2453 230 2506 lI
256 2467 280 2509 c.
313 2452 408 2508 XVIII
439 2451 494 2508 fine
525 2454 554 2507 in
579 2451 745 2508 editionibus
775 2453 987 2508 vetustioribus:
1012 2454 1091 2508 cuius
1116 2453 1198 2508 stiam
1213 2492 1220 2510 .

159 2538 209 2594 nul
228 2539 311 2608 φίλος
330 2532 502 2608 ἀθανάτοις,
528 2554 609 2608 quam
634 2544 718 2595 totam
737 2535 890 2609 περικοπὴν
913 2539 1033 2608 spuriam
1056 2539 1200 2607 utensque
1217 2555 1297 2594 manu

161 2622 282 2679 additam
302 2640 364 2680 esse
380 2625 436 2680 iam
454 2624 604 2680 Salmasius
628 2624 710 2689 ridit;
735 2629 819 2692 atque
845 2624 917 2680 hanc
934 2625 1098 2681 seutentiam
1115 2631 1219 2679 rectam
1237 2640 1298 2681 esse

160 2726 193 2766 eo
211 2710 352 2778 evincitur,
370 2710 445 2778 quod
462 2711 491 2765 in
508 2710 587 2765 libris
605 2711 680 2766 haud
698 2711 794 2779 paucis
811 2712 907 2780 eisque
926 2711 1044 2780 optimis,
1062 2719 1092 2766 ut
1106 2711 1136 2765 in
1155 2710 1250 2779 Regio,
1269 2711 1298 2764 in

161 2795 391 2851 Rottendorliano
410 2796 456 2849 all.
475 2797 521 2852 hio
537 2798 615 2852 locus
633 2797 743 2852 omnino
761 2812 817 2851 non
835 2805 990 2866 comparem
1017 2804 1044 2852 et
1061 2795 1124 2851 iure
1141 2797 1296 2865 meritoque

161 2881 275 2936 Licnius
298 2880 342 2950 (ad
367 2881 394 2934 h.
412 2880 441 2951 l.)
469 2883 575 2937 monuit
599 2883 627 2937 in
654 2882 753 2950 cupitis
779 2882 871 2936 ludloe
894 2883 995 2938 nullam
1019 2880 1198 2937 additamenti
1222 2881 1296 2937 illius

161 2967 323 3023 mentionem
340 2966 409 3034 fieri,
427 2983 507 3035 qusnr
524 2967 633 3024 fecisset
647 2968 760 3038 Gellius,
780 2968 805 3022 si
822 2968 851 3021 in
869 2967 923 3023 fine
942 2970 1040 3038 capitis
1058 2968 1114 3024 tale
1135 2967 1201 3036 quid
1220 2967 1296 3022 oddi-

160 3053 254 3107 disset.
287 3053 386 3120 Neque
410 3055 456 3122 qui
473 3055 509 3109 sit
526 3054 645 3121 factum,
672 3062 702 3110 ut
719 3055 848 3124 pericope
865 3055 914 3109 illa
937 3053 1099 3122 adderetur,
1122 3053 1296 3122 ignoramus3

160 3155 222 3192 nam
239 3141 267 3192 in
280 3138 416 3194 Macrobii
434 3139 594 3195 Saturnaliis
613 3155 673 3195 cum
691 3141 745 3195 hoc
759 3141 840 3196 Gellii
859 3147 942 3208 caput
959 3139 1168 3209 transscriptum
1187 3139 1255 3205 (Sat.
1274 3140 1297 3206 l,

162 3228 210 3292 11,
235 3225 348 3292 41-44)
367 3231 450 3293 atque
476 3228 510 3280 sb
534 3227 597 3294 ipso
617 3226 761 3282 Macrobio
785 3226 990 3295 paragraphum
1015 3224 1146 3279 XXXXV
1171 3224 1295 3280 adsutsm

160 3311 260 3379 aliquis
277 3309 438 3366 invenisset:
468 3313 545 3367 ouius
571 3312 655 3367 etiam
674 3350 789 3368 ........
807 3312 890 3381 φίλος
914 3306 1090 3379 ἀθανάτοις,
1115 3311 1196 3365 etism
1214 3311 1296 3365 Gellii

160 3396 245 3465 capiti
260 3395 393 3451 adiunxit.

228 3483 255 3550 3)
272 3482 395 3537 Fuerunt
414 3482 460 3551 qui
479 3483 637 3540 coniectore
653 3485 727 3538 hunc
744 3501 851 3540 versum
868 3490 1022 3553 tentarent,
1049 3499 1109 3538 cum
1127 3483 1197 3538 haec
1214 3483 1295 3538 resti-

157 3567 260 3624 tuenda
278 3572 435 3622 censerent:
460 3573 573 3637 tergora
598 3569 695 3639 laesit,
720 3570 795 3625 relut
813 3571 1025 3639 Gannegieterus
1048 3568 1100 3639 (ed.
1121 3569 1178 3623 fab.
1198 3568 1294 3624 Avian.

158 3671 186 3723 p.
204 3655 249 3720 28)
268 3658 295 3708 et
311 3653 453 3708 Nodellius
472 3652 523 3720 (ed.
542 3671 565 3711 a.
586 3656 652 3709 1787
670 3672 698 3725 p.
716 3658 769 3726 37),
787 3657 911 3710 nimirum
930 3672 964 3711 ea
981 3656 1036 3710 nisi
1052 3671 1090 3724 re,
1109 3655 1184 3722 quod
1202 3655 1230 3708 iu
1249 3669 1297 3709 oo·

158 3740 218 3794 dics
235 3739 477 3807 Sangermsncnsi,
505 3739 549 3794 cui
568 3741 686 3796 litteram
706 3743 728 3796 P
747 3743 922 3797 Froehnerus
948 3742 1061 3810 indidit,
1082 3747 1222 3796 exaratum
1240 3746 1297 3795 est:

121 3893 125 3906 ·
157 3823 277 3880 relaesit.
312 3824 412 3879 Verum
430 3826 453 3879 si
470 3825 647 3894 respiciemus
664 3844 704 3897 ea,
723 3844 792 3897 quae
810 3828 844 3882 de
860 3829 941 3882 huius
960 3828 1024 3883 libri
1037 3827 1191 3897 scripturae
1209 3831 1237 3881 et
1254 3826 1294 3879 in·

158 3908 256 3990 primis
277 3909 490 3980 orthographiae
514 3926 614 3980 genere
632 3913 805 3969 Froehnerus
828 3913 927 3983 (praef.
953 3915 996 3969 ed.
1021 3913 1119 3968 Arian.
1147 3929 1174 3981 p.
1195 3911 1233 3966 IV
1244 3914 1295 3981 sq.)

159 3995 278 4061 monuit,
296 3994 350 4049 hoc
367 3997 524 4053 coniectura
541 4005 572 4052 ut
590 4014 794 4067 supervacanea
811 4007 839 4054 et
856 3998 942 4056 futtili
961 4000 1064 4054 reiecta
1081 3999 1215 4053 librorum
1233 4013 1295 4051 auc-

157 4081 299 4137 toritatem
317 4099 463 4151 sequamur
480 4100 592 4140 necesse
611 4091 661 4140 est.

225 4169 252 4238 4)
271 4169 372 4224 lterum
388 4168 522 4224 relidendi
535 4171 648 4225 verbum
665 4171 693 4226 ln
706 4165 918 4245 Avianisslibello
934 4176 1076 4226 exaratum
1093 4171 1246 4248 inreritum¹
1264 4173 1293 4234 in

157 4252 268 4313 fabulae
286 4257 356 4314 eninr
375 4255 415 4308 lX
432 4269 513 4315 rcrsu
532 4255 571 4315 lX
582 4270 622 4332 sq.
641 4257 758 4337 legimus
777 4257 882 4336 scripta
899 4257 983 4323 haec;
