2910 4928
620 384 832 446 ..57-

158 555 239 619 nihil
261 555 345 619 enim
369 575 481 618 versus
502 552 645 617 numeris
668 550 823 633 neglectis
845 549 998 612 omissum
1022 544 1292 624 desideraremus,

157 672 185 736 si
206 671 255 734 ita
283 668 468 751 scripsisset
498 665 678 730 fabulator:
711 663 847 728 ‘saevior
876 661 954 739 hoc,
984 658 1066 723 ahos
1097 657 1185 740 quod
1210 657 1291 721 facis

156 780 267 846 malos'
294 778 361 844 rel:
390 783 427 843 tu
456 783 566 842 tamen
592 776 644 841 his
673 775 768 840 dictis
794 794 858 838 non
880 771 961 836 facis
983 768 1099 834 fidem?
1143 768 1191 833 Ac
1216 768 1293 833 licet

156 912 365 959 numerorum
390 887 577 954 necessitati
615 888 649 952 in
684 886 748 951 hac
784 907 819 950 re
849 883 973 967 ahquid
1002 881 1045 946 sit
1073 879 1291 961 tribuendum,

157 1004 246 1071 aliud
268 1007 377 1068 tamen
405 1001 502 1066 huius
528 999 777 1065 constructionis
809 995 991 1080 exemplum
1015 978 1206 1059 adnotatum
1228 1015 1292 1058 non

157 1117 264 1181 inveni
289 1115 351 1180 nisi
373 1114 436 1178 hoc
459 1111 581 1178 Seduhi
602 1112 714 1196 (carm.
738 1110 848 1196 pasch.
870 1111 923 1191 lv,
947 1115 1076 1198 90sq.):

261 1228 309 1293 sic
331 1226 430 1292 etiam
453 1224 551 1290 variis
573 1224 670 1289 finem
690 1223 903 1307 languoribus
926 1246 996 1291 esse

259 1339 346 1420 fecit,

156 1474 232 1518 nam
260 1452 295 1516 id
325 1450 412 1533 quod
441 1453 550 1514 exstat
577 1447 665 1532 apud
695 1448 918 1530 Lampridium
950 1449 1053 1532 (Alex.
1081 1449 1187 1514 Seuer.
1222 1446 1293 1528 10):

157 1570 204 1629 ‘tu
225 1564 326 1628 facies
354 1562 509 1646 optimum
533 1580 603 1626 esse
630 1559 787 1625 iudicium
811 1561 972 1641 senatus’,
1004 1560 1100 1626 aliter
1123 1578 1291 1642 compara-

156 1682 226 1741 tum
247 1678 305 1739 est.
1280 1657 1288 1666 ³

243 1787 313 1851 Iam
350 1785 392 1849 ad
422 1786 520 1849 finem
550 1783 780 1868 disputationis
810 1790 847 1849 ut
879 1785 1059 1864 veniamus,
1098 1784 1180 1850 duae
1218 1803 1293 1847 con-

158 1897 353 1962 structiones
388 1895 573 1961 afferendae
612 1900 703 1974 sunt,
741 1915 823 1978 quas
854 1897 1014 1979 superiori
1051 1918 1148 1979 quam
1180 1895 1292 1979 quinto

161 2010 291 2074 saeculo
315 2008 395 2073 dare
417 2029 481 2072 non
497 2028 677 2091 possumus.
722 2007 829 2089 Atque
849 2007 989 2088 primum
1007 2008 1103 2074 huius
1125 2008 1174 2072 rei
1186 2027 1292 2071 exem-

157 2120 246 2204 plum
269 2121 447 2185 invenimus
469 2120 503 2184 in
524 2119 656 2184 fabulae
678 2119 709 2182 Π
730 2118 841 2198 initio,
873 2118 930 2183 ubi
953 2108 1075 2203 scripta
1097 2125 1173 2184 sunt
1193 2118 1291 2183 haec:

259 2232 403 2316 pinnatis
426 2230 541 2296 avibus
565 2230 729 2314 quondam
752 2230 882 2295 testudo
905 2230 1017 2296 locuta
1039 2235 1104 2296 est:

261 2343 363 2425 siquis
387 2363 459 2406 eam
481 2341 644 2406 volucrem
670 2342 901 2423 constituisset,
923 2341 1000 2408 huic

260 2455 409 2538 protinus
432 2475 449 2518 e
470 2453 579 2518 rubris
600 2454 764 2537 proferret
786 2454 927 2520 conchas
948 2455 1097 2534 harenis3

132 2565 276 2650 ‘quibus
314 2567 348 2630 in
383 2565 530 2631 versibus
567 2566 638 2630 loco
674 2567 852 2631 accusativi
889 2588 962 2632 cum
995 2566 1170 2642 infinitiva,
1207 2585 1291 2648 quae

159 2682 324 2743 structura
347 2697 364 2741 e
387 2676 599 2761 promittendi
628 2678 846 2761 loquendique
877 2678 985 2743 verbis
1008 2683 1086 2761 apta
1108 2699 1178 2742 esse
1201 2678 1292 2756 solet,

159 2788 397 2853 coniunctivum
422 2789 561 2853 Avienus
590 2788 730 2853 admisit.
774 2789 879 2854 Huius
909 2795 1018 2855 autem
1042 2787 1292 2854 constructionis

158 2904 234 2963 ante
249 2899 432 2964 Ennodium
455 2920 474 2963 a
496 2901 655 2983 scriptore
678 2899 742 2964 alio
764 2900 886 2964 nullum
905 2901 1088 2986 exemplum
1109 2899 1291 2965 adhibitum

157 3011 282 3092 inveni3
318 3011 405 3094 apud
448 3011 630 3076 Ennodium
671 3033 747 3076 vero
789 3011 924 3095 legimus
965 3012 1047 3077 haec
1087 3015 1210 3098 (opusc.
1246 3014 1291 3078 V:

159 3122 332 3187 eucharist.
355 3123 394 3187 de
418 3123 471 3187 vit.
496 3144 555 3188 sua
576 3146 606 3206 p.
631 3128 711 3203 398,
743 3130 843 3205 5sqq.
866 3123 914 3190 ed.
938 3123 1129 3208 Hartel¹)):
1158 3125 1293 3207 promisi

162 3234 270 3313 etiam,
293 3234 321 3298 si
343 3234 490 3299 clarioris
511 3235 609 3299 studii
625 3256 677 3299 me
688 3240 747 3319 per
763 3234 902 3318 gratiam
920 3256 1011 3299 suam
1027 3235 1172 3315 donaret,
1196 3234 1292 3300 affec-

159 3480 280 3554 ψαύσῃς,
299 3486 484 3552 ausonidum,
501 3477 554 3537 adv
572 3481 624 3553 ἐγώ
643 3481 679 3553 μή
698 3481 773 3538 θέλω
793 3500 835 3538 σοι
854 3486 1044 3552 censuarium.
1079 3485 1122 3538 Ex
1140 3502 1195 3552 qua
1212 3502 1292 3554 para·

157 3569 254 3636 phrasi
272 3571 407 3636 discimus,
427 3587 481 3624 non
501 3573 607 3625 iurasse
626 3587 655 3625 se
673 3571 781 3639 longius
797 3578 998 3626 antecessorem
1012 3584 1120 3626 aeream
1133 3571 1224 3639 ollam,
1244 3571 1291 3626 sed

158 3655 329 3710 admonuisse
354 3661 469 3722 testam,
495 3660 525 3708 ut
548 3656 656 3724 longius
679 3657 864 3725 praecederet.
901 3657 977 3723 Quae
1002 3657 1140 3711 sententia
1165 3658 1246 3711 etiam
1264 3659 1292 3711 in

159 3739 257 3792 Ariani
276 3741 378 3809 fabula,
398 3743 443 3810 qui
462 3743 668 3796 accuratissima
686 3743 837 3798 imitatione
858 3743 959 3810 pressit
972 3742 1066 3796 Babrii
1085 3745 1209 3810 vestigia,
1227 3743 1294 3797 insit

158 3839 270 3880 necesse
289 3835 344 3882 est:
374 3842 537 3895 quamquam
555 3828 654 3883 iustam
672 3830 885 3884 emendationem
904 3845 939 3884 ne
959 3828 1024 3882 mihi
1044 3828 1151 3897 quidem
1169 3829 1291 3882 invenire

159 3910 281 3977 contigit.

230 3997 254 4063 1)
273 3997 488 4053 Consentaneum
514 4016 557 4055 me
579 4000 717 4056 indicibus
743 4005 774 4055 ut
792 4000 922 4068 Corporis
948 4002 1111 4069 scriptorum
1131 4000 1293 4055 ecclesiasti·

159 4097 250 4135 corum
278 4083 317 4137 ita
339 4084 451 4138 aliarum
474 4086 621 4140 editionum
645 4087 780 4155 permulta
804 4087 921 4141 debere:
947 4087 1021 4154 qtiod
1046 4087 1099 4140 hoc
1126 4088 1187 4142 loco
1213 4091 1291 4154 grato

157 4168 248 4222 animo
272 4184 458 4224 commemoro.
503 4171 599 4242 Neque
633 4189 667 4228 ex
695 4172 851 4227 Forcellinii
877 4172 965 4233 lexico
990 4189 1033 4231 me
1060 4173 1145 4229 multa
1170 4173 1292 4232 hausisse

159 4254 287 4310 diffiteor.
