2910 4928
617 391 833 453 ..43-

157 560 247 644 apud
266 560 393 625 Sixtum
414 579 535 644 papam
546 561 728 624 Romanum
750 559 814 643 (ep.
837 565 872 624 8:
895 559 1002 625 nullus
1022 559 1131 624 obviet
1154 559 1292 623 salubri·

157 673 221 739 bus
242 673 443 752 constitutis,
472 671 581 737 nullus
602 671 886 756 praeseptionibus
907 670 959 735 his
980 671 1147 756 resultet);
1176 671 1293 736 deinde

159 784 247 870 apud
259 782 500 850 Cassiodorium
520 783 595 848 hist.
611 783 724 848 eoeles.
743 788 771 862 5,
797 788 852 847 11:
874 782 989 847 Iudaei
998 783 1170 848 tentabant
1190 782 1294 848 resul-

158 901 232 961 tare
253 896 425 976 Romanis3
456 899 489 960 et
507 895 585 960 ibid.
612 899 661 975 11,
683 900 712 960 4.
757 895 847 973 Quae
870 893 1062 976 significatio
1083 894 1190 959 medio
1213 914 1292 958 aevo

159 1007 336 1072 admodum
350 1006 473 1072 usitata
489 1004 617 1071 videtur
630 1005 746 1086 fuisse;
766 1026 842 1070 nam
856 1006 976 1090 Papias
991 1006 1243 1089 glossographus
1259 1005 1293 1069 in

160 1118 370 1183 elementario
381 1117 548 1183 doetrinae
555 1115 748 1197 rudimento,
764 1117 851 1200 quod
862 1117 1020 1201 seriptum
1033 1122 1083 1183 est
1097 1117 1293 1184 sasouloun-

158 1229 301 1317 decimo,
330 1229 486 1322 ‘resultat’
512 1251 572 1315 per
594 1228 807 1294 ‘contradicit’
829 1229 1064 1313 interpretatus
1085 1233 1135 1294 est
1156 1235 1190 1293 et
1213 1228 1293 1293 (ire-

160 1341 270 1424 gorius
292 1340 502 1421 Turonensis,
525 1340 583 1424 qui
603 1339 715 1406 floruit
737 1341 867 1406 saeculo
889 1345 981 1406 sexto
1003 1345 1156 1421 exeunte,
1179 1340 1293 1406 eadem

157 1452 191 1517 vi
210 1452 431 1536 compluribus
451 1452 533 1518 loeis
555 1451 640 1518 hano
656 1471 767 1518 voeem
782 1452 960 1536 usurpavit,
983 1452 1072 1519 velut
1091 1453 1166 1518 hist.
1178 1453 1292 1517 Fraus.

127 1650 133 1661 ι
156 1563 177 1627 l.
199 1564 230 1629 X
253 1585 278 1629 o.
301 1565 345 1631 V:
376 1563 446 1630 ‘sed
466 1585 526 1629 nos
554 1564 715 1630 resultare
738 1564 902 1648 coepimus
927 1563 1088 1645 dieentes,
1120 1563 1208 1649 quod
1229 1584 1294 1629 non

159 1676 405 1742 aoerederemus
425 1675 469 1741 ad
490 1675 577 1741 hune
596 1675 723 1741 losum?

244 1787 314 1851 Iam
334 1788 370 1852 in
390 1788 477 1853 hune
497 1808 667 1854 numerum
690 1786 863 1852 referenda
884 1791 934 1852 est
953 1808 1016 1854 vox
1039 1786 1187 1865 ‘debilis’‚
1209 1807 1293 1869 quae

158 1899 193 1963 in
214 1886 345 1964 fabulas
365 1899 535 1991 XXXVlII
554 1919 650 1964 versu
669 1898 731 1964 XI:

262 2015 341 2075 tune
361 2031 413 2075 me
435 2011 576 2076 nobilior
597 2031 716 2094 magno
737 2010 937 2076 mercabitur
960 2015 1096 2095 emptor,

261 2127 299 2187 te
319 2121 415 2188 simul
438 2142 515 2188 aere
537 2121 629 2189 brevi
649 2121 756 2189 debile
778 2122 893 2205 vulgus
915 2127 1000 2187 emet

157 2235 322 2299 invenitur
352 2255 392 2298 ea
420 2235 583 2299 sententia
608 2235 732 2319 posita,
760 2238 799 2299 ut
825 2233 913 2298 idem
934 2233 1094 2316 signifieat
1115 2232 1203 2317 quod
1224 2232 1293 2298 ‘hu-

158 2344 243 2410 mile’
267 2345 334 2409 sive
350 2344 523 2410 infimum’.
561 2345 659 2411 Cuius
675 2345 816 2411 notionis
833 2345 975 2429 primum
990 2344 1173 2428 exemplum
1191 2343 1293 2409 habe-

158 2477 231 2520 mus
252 2455 286 2520 in
317 2455 449 2521 decreto
473 2456 673 2523 childeberti
701 2456 787 2540 regis
815 2457 914 2541 (saeo.
937 2457 1012 2541 Vl),
1042 2456 1076 2520 in
1105 2477 1170 2538 quo
1192 2455 1293 2521 infimi

159 2566 283 2632 ordinis
314 2589 456 2651 persona
485 2567 601 2634 debilis
630 2568 766 2651 dieitur;
798 2573 929 2635 exstant
956 2568 1042 2632 enim
1070 2566 1104 2631 in
1135 2587 1204 2650 eap.
1233 2567 1294 2632 VII

158 2677 258 2742 haee:
286 2677 314 2742 si
326 2678 481 2744 ‘Francus
503 2679 611 2760 fuerit,
634 2678 684 2745 ad.
698 2684 843 2745 nostram
866 2679 1086 2763 praesentiam
1108 2678 1294 2760 derigatur3

159 2789 224 2853 etsi
242 2787 381 2854 debilior
402 2811 544 2873 persona
561 2791 669 2872 fuerit,
693 2792 727 2855 in
748 2792 820 2856 loeo
833 2790 1014 2875 pendatur?
1058 2790 1213 2856 Videmus
1233 2789 1290 2871 igi·

158 2905 215 2995 tur
237 2920 278 2965 ex
301 2899 365 2964 hae
386 2922 515 2984 quoque
544 2924 581 2967 re
607 2903 673 2967 iam
693 2903 874 2987 ingruentis
895 2901 1070 2968 barbariae
1091 2900 1293 2984 temporibus

158 3010 289 3077 fabulas
310 3011 394 3097 illas,
407 3014 603 3098 compositas
624 3035 704 3080 esse.

245 3123 314 3188 Nee
334 3123 441 3190 minus
465 3125 609 3191 eiusdem
630 3127 679 3192 rei
699 3126 855 3191 indicium
878 3131 928 3191 est
949 3126 982 3190 in
1005 3125 1057 3190 his
1078 3123 1241 3190 versibus:

262 3235 283 3299 f.
319 3240 355 3314 8,
394 3242 431 3300 11
459 3258 523 3321 sq.:
557 3237 704 3322 Iuppiter
738 3242 773 3302 at
803 3237 913 3303 ridens
949 3242 1123 3321 postquam
1160 3239 1294 3320 sperata

879 3349 1019 3433 negavit,

408 3459 543 3544 insuper
564 3465 598 3525 et
618 3481 756 3543 magnae
780 3459 912 3526 sustulit
933 3460 1023 3525 auris
1044 3481 1134 3525 onus.

263 3569 285 3632 f.
316 3573 367 3649 22,
391 3575 508 3654 7sqq.:
537 3571 588 3637 his
615 3593 744 3656 quoque
773 3593 807 3637 se
836 3571 978 3639 medium
1001 3571 1096 3636 Titan
1128 3574 1293 3635 scrutatus

880 3687 1054 3766 utrumque

263 3791 382 3856 obtulit
404 3797 437 3857 et
458 3794 618 3876 ‘precibus
640 3796 788 3879 Iuppiter
812 3795 955 3878 aequus',
978 3794 1035 3874 ait,

267 3902 499 3985 ‘praestandist
520 3905 639 3971 facilis:
661 3927 737 3971 nam
759 3927 844 3988 quae
866 3906 1046 3989 speraverit
1066 3925 1158 3982 unus,

263 4015 412 4097 protinus
433 4015 516 4081 haee
537 4017 621 4082 alter
642 4016 866 4100 congeminata
888 4017 981 4082 feret.

159 4146 241 4208 quos
263 4146 375 4192 versus
397 4127 425 4191 si
447 4111 637 4211 perlegeris,
666 4128 808 4194 invenies
831 4127 984 4212 sperandi
1005 4126 1096 4192 verbi
1119 4127 1290 4211 genuinam

157 4236 427 4321 significationem
449 4238 491 4303 ab
513 4239 863 4311 Aviano'immutatam.
886 4260 974 4327 esse,
1006 4244 1043 4312 ut
1074 4239 1160 4314 idem
1182 4238 1291 4312 valeat
