2910 4928
605 379 817 441 „50-

149 547 243 611 minis
274 548 462 611 memoriam
493 547 735 625 mandaremuS,
770 545 955 610 fabularum
990 549 1099 609 textus
1129 545 1286 623 occurrit,

150 659 238 743 quod
258 660 292 723 in
312 659 364 724 his
379 659 503 724 urbane
525 665 682 742 concepta
697 659 824 724 falsitas
842 658 958 723 deceat
973 663 1007 723 et
1027 679 1092 722 non
1113 657 1287 722 incumbat

149 772 327 836 necessitas
356 770 527 850 veritatis’,
556 776 589 835 et
617 771 677 836 hos
705 772 794 835 locos
824 769 1000 835 Macrobii:
1037 775 1206 835 comment.
1239 770 1286 836 ad

150 903 250 948 somn.
275 882 413 967 Scipion.
435 882 455 945 l.
477 883 493 946 I
516 903 541 946 c.
564 887 582 946 2
605 886 623 967 g
647 887 680 946 7:
702 881 842 961 fabulae,
866 904 1005 966 quarum
1020 903 1136 949 nomen
1158 883 1286 948 indicat

149 993 224 1058 falsi
247 993 498 1077 professionem,
530 999 587 1058 aut
617 997 744 1058 tantum
771 995 992 1060 conciliandae
1014 996 1148 1061 auribus
1170 994 1285 1080 volup-

149 1106 228 1171 tatis
257 1111 315 1171 aut
338 1105 574 1170 adhortationis
604 1126 732 1189 quoque
757 1108 791 1171 in
814 1106 934 1173 bonum
956 1108 1083 1192 frugem
1100 1108 1210 1191 gratia
1231 1129 1284 1173 re-

149 1224 263 1303 pertae
290 1224 381 1299 sunt;
410 1217 487 1282 ibid.
518 1221 536 1302 6
564 1225 600 1285 9:
637 1240 676 1282 ex
704 1220 745 1284 iis
774 1226 899 1302 autem,
931 1242 1015 1303 quac
1046 1220 1087 1285 ad
1118 1218 1285 1302 quandam

150 1313 279 1395 virtutis
308 1330 449 1414 speciem
471 1329 671 1395 intellectum
698 1331 836 1416 legentis
860 1332 1050 1411 hortantur,
1079 1331 1118 1395 fit
1140 1331 1285 1396 secunda

150 1442 310 1506 discretio.
333 1442 366 1504 in
386 1441 580 1524 quibusdam
599 1442 683 1506 enim
706 1449 739 1507 et
754 1449 980 1526 argumentum
1000 1465 1040 1507 ex
1055 1442 1132 1507 ficto
1154 1443 1285 1508 locatur

149 1558 182 1617 et
210 1573 269 1637 per
298 1552 469 1617 mendacia
498 1555 568 1636 ipse
606 1554 774 1619 relationis
803 1555 882 1619 ordo
914 1555 1113 1631 contexitur,
1141 1560 1179 1619 ut
1208 1560 1286 1620 sunt

148 1664 224 1729 illae
247 1664 366 1748 Aesopi
395 1666 528 1731 fabulae
557 1667 718 1750 elegantia
740 1666 880 1731 fictionis
907 1666 1060 1731 illustres.
1083 1665 1160 1730 ibid.
1183 1667 1201 1750 ξ
1226 1670 1284 1730 10:

151 1797 227 1859 ergo
252 1797 292 1841 ex
314 1777 377 1843 hac
399 1779 542 1843 secunda
562 1779 717 1843 divisione
741 1800 838 1861 quam
854 1778 993 1842 diximus
1016 1798 1036 1841 a
1056 1776 1285 1861 philosophiae

148 1889 241 1955 libris
271 1891 362 1974 prior
389 1891 529 1974 species,
568 1912 652 1973 quae
689 1895 847 1973 concepta
884 1889 924 1953 de
961 1889 1044 1954 falso
1076 1911 1136 1972 per
1164 1887 1285 1952 falsum

148 2007 312 2081 narratur,
336 2001 442 2066 aliena
465 2003 539 2081 est’,
561 2003 647 2066 inter
667 2002 727 2066 hos
748 2002 847 2080 locos,
869 2002 1011 2084 inquam,
1034 2001 1143 2065 nescio
1166 2021 1208 2063 an
1230 2021 1285 2063 ra-

149 2114 195 2178 tio
226 2114 337 2196 aliqua
364 2113 563 2178 intercedat:
602 2135 676 2176 nam
708 2117 847 2195 utroque
878 2113 993 2177 horum
1021 2113 1167 2177 locorum
1197 2110 1285 2175 idem

149 2225 217 2290 fere
245 2225 285 2290 de
309 2225 495 2291 fabularum
518 2246 636 2309 genere
659 2230 758 2307 atque
780 2225 918 2289 materia
940 2224 1094 2288 iudicium
1114 2223 1153 2286 iit
1175 2228 1285 2304 atque,

148 2337 184 2401 id
207 2337 294 2420 quod
325 2337 428 2419 magis
456 2338 573 2401 mirum
600 2342 666 2416 est,
699 2337 819 2401 eisdem
849 2336 918 2401 fere
949 2334 1056 2400 verbis
1080 2334 1285 2415 declaratur,

151 2470 216 2532 qua
237 2472 272 2514 re
295 2469 406 2513 eorum
430 2449 606 2527 sententia,
630 2449 686 2531 qui
708 2448 925 2513 Theodosium
946 2448 1046 2525 illum,
1069 2446 1184 2510 Aviani
1207 2446 1285 2510 ami-

150 2583 232 2640 cum,
249 2560 451 2626 Macrobium
466 2581 535 2624 esse
549 2561 821 2639 coniectaverunt,
838 2559 942 2641 magis
955 2559 1052 2623 etiam
1066 2557 1285 2621 confirmatur.
1322 2604 1334 2617 ..

150 2672 336 2736 Macrobius
357 2677 467 2736 autem
489 2693 553 2754 quo
576 2678 721 2754 tempore
743 2671 850 2750 fuerit,
872 2670 951 2735 satis
973 2671 1076 2734 multa
1098 2668 1287 2734 testimonia

151 2784 193 2848 ad
217 2790 357 2849 aetatem
389 2789 535 2848 nostram
564 2788 800 2867 pervenerunt3
829 2783 863 2846 in
893 2782 1059 2847 codicibus
1082 2783 1167 2846 enim
1188 2780 1286 2843 Bam-

150 2897 301 2980 bergensi
325 2902 358 2961 et
379 2896 527 2960 Parisino
555 2917 626 2959 cum
658 2896 687 2959 ei
709 2896 769 2960 viri
792 2895 971 2960 consularis
997 2900 1029 2959 et
1048 2893 1184 2958 illustris
1208 2891 1287 2956 titu-

149 3009 201 3073 lus
224 3007 423 3086 ascribatur,
450 3007 531 3071 nihil
554 3013 619 3087 est,
642 3029 700 3072 cur
726 3029 791 3071 non
813 3028 886 3071 cum
910 3006 1057 3071 omnibus
1081 3005 1158 3069 viris
1181 3004 1286 3068 doctis

151 3120 287 3185 eundem
310 3119 400 3183 illum
423 3140 493 3183 esse
517 3124 698 3183 statuamus
721 3124 820 3201 atque
845 3141 917 3184 eum
940 3116 1160 3195 Macrobium,
1190 3136 1286 3198 quem

151 3251 235 3295 anno
256 3254 286 3314 p.
314 3230 387 3294 Chr.
409 3252 438 3293 11.
462 3230 868 3314 undequadringentesimo
891 3229 1096 3313 praefectum
1120 3228 1286 3313 praetorio

152 3342 381 3425 Hispaniarum
405 3342 488 3426 (cod.
511 3341 631 3407 Theod.
657 3346 710 3421 16,
735 3347 792 3420 16,
817 3346 932 3421 1538,
957 3347 985 3420 5,
1009 3343 1073 3423 61),
1098 3360 1285 3421 6111166116-

151 3453 402 3536 dringentesimo
430 3453 554 3518 decimo
583 3454 809 3537 proconsulem
833 3452 963 3516 Africae
986 3451 1069 3534 (cod.
1091 3449 1211 3514 Theod.
1238 3455 1286 3528 11,

152 3574 211 3644 26,
242 3567 294 3648 6),
327 3586 411 3629 anno
444 3566 588 3630 eiusdem
619 3564 740 3629 saeculi
763 3565 915 3629 vicesimo
939 3563 1042 3626 altero
1064 3559 1287 3644 praepositum

152 3677 237 3741 sacri
260 3676 400 3740 cubiculi
423 3676 507 3761 (cod.
531 3676 651 3741 Theod.
676 3682 712 3754 6,
743 3682 778 3754 8,
812 3676 842 3757 1)
867 3696 906 3738 ex
928 3673 1038 3737 codice
1061 3668 1286 3734 Theodosiana

152 3789 304 3852 discimus
327 3787 434 3852 fuisse.
480 3789 582 3866 Quem
605 3787 773 3870 quoniam,
801 3807 873 3849 cum
896 3785 1038 3848 Asianus
1061 3780 1190 3859 fabulas
1213 3778 1286 3844 illas

152 3901 184 3964 in
206 3900 311 3964 lucem
337 3900 458 3978 emisit,
488 3900 553 3963 iam
576 3919 736 3962 summam
761 3896 929 3960 doctrinae
949 3893 1197 3976 litterarumque
1221 3891 1287 3974 glo-

151 4013 233 4075 riam
257 4017 467 4077 consecutum
490 4031 560 4073 esse
583 4009 738 4086 videmus
759 4006 793 4070 id
816 4006 901 4089 quod
927 4010 1002 4069 ante
1028 4027 1146 4070 annum
1169 4004 1269 4069 aetati

152 4124 338 4187 vicesimum
367 4122 511 4185 evenisse
538 4120 626 4184 haud
648 4119 819 4203 probabile
844 4124 910 4197 est,
940 4139 1005 4182 non
1029 4139 1048 4181 a
1070 4116 1288 4182 verisimilitu-

152 4235 226 4300 dine
258 4255 317 4297 nos
345 4231 556 4296 aberraturos
586 4253 656 4296 esse
688 4251 821 4311 6611666,
854 4231 881 4294 si
914 4231 1002 4294 circa
1029 4230 1135 4313 prima
1166 4225 1288 4293 saeculi
