2910 4920
622 360 837 422 ..23-

163 529 392 611 quissimorum
405 550 499 593 voees
515 528 549 591 in
562 528 599 592 ‘o'
616 531 770 591 exeuntes
786 526 939 610 ambigua
952 548 1064 592 rursus
1077 527 1296 592 adhibuerunt

164 640 364 723 quantitate,
396 640 486 705 66166
515 641 563 705 661
586 638 734 723 exempla
761 641 922 721 congessit
942 639 977 704 L.
1000 638 1174 704 Muellerus
1200 640 1239 704 de
1260 663 1295 705 re

162 757 255 817 metr.
278 774 308 835 p.
332 756 393 816 335
421 742 480 816 sub
502 751 555 815 fin.
602 752 690 829 Quae
714 773 787 815 eum
809 752 857 814 ita
879 751 959 829 sint,
987 751 1068 814 nihil
1088 756 1151 830 est,
1184 752 1296 816 curin

164 862 216 928 hia
238 862 385 928 versibus
416 862 624 943 haereamus3
656 862 713 926 sed
739 863 800 927 hoc
820 862 1005 944 quaeritur,
1034 867 1143 927 utrum
1173 884 1213 927 ex
1234 863 1297 928 hac

161 980 333 1059 poetarum
353 973 615 1038 christianorum
647 974 719 1055 lege
760 995 801 1037 an
832 993 871 1037 ex
904 994 943 1037 ea
973 994 1070 1056 quam
1099 973 1139 1037 de
1170 974 1296 1058 syllaba

163 1085 359 1169 pentametri
382 1084 489 1149 media
513 1085 674 1150 communi
695 1084 742 1148 illi
764 1091 1015 1168 praeceperunt,
1042 1086 1075 1149 in
1094 1086 1145 1149 bis
1170 1086 1296 1152 duobus

161 1197 328 1262 vocabulis
336 1196 483 1260 ultimam
494 1195 801 1279 poetaproduxerit.
823 1198 929 1279 Atque
943 1218 1014 1261 eam
1021 1198 1181 1261 rationem
1189 1198 1222 1261 in
1233 1198 1296 1263 hae

161 1330 198 1374 re
218 1315 349 1373 secutus
371 1308 499 1372 videtur·
522 1329 592 1372 esse
613 1309 764 1387 Avienus,
787 1329 871 1390 quae
894 1314 966 1372 erat
983 1308 1022 1372 de
1045 1308 1177 1374 vocibus
1201 1310 1234 1374 in
1257 1311 1294 1374 ‘o’

162 1419 355 1484 exeuntibus
379 1419 532 1503 ambigua
555 1420 738 1502 quantitate
761 1418 970 1500 adhibendis,
1002 1441 1077 1484 nam
1099 1421 1296 1504 pentametri

163 1551 318 1595 caesurae
341 1531 371 1595 61
395 1552 450 1594 666
473 1536 599 1596 tantum
620 1529 762 1614 syllabas
784 1530 939 1613 produxit
963 1552 1046 1613 quae
1070 1553 1211 1597 consona
1230 1539 1295 1597 ter-

162 1642 335 1706 minantur.

247 1753 352 1818 Huius
381 1755 508 1837 generis
539 1758 668 1817 exstant
696 1754 729 1816 in
753 1752 918 1818 codicibus
938 1754 1121 1836 perscripta
1144 1756 1292 1837 exempla

161 1864 263 1929 haee:

268 1983 316 2056 11,
340 1983 375 2041 6:
398 1976 622 2058 incertumque
645 1996 746 2059 vagus
765 1975 771 2062 Ι
791 1977 893 2041 amnis
914 1976 1059 2041 babebat
1079 1977 1143 2041 iter

266 2094 326 2166 22,
339 2095 375 2152 4:
399 2109 538 2170 namque
561 2087 644 2152 alter
669 2088 813 2171 cupidus,
834 2087 838 2173 Ι
857 2087 985 2152 invidus
1008 2088 1091 2153 alter
1114 2094 1186 2152 erat

266 2205 315 2277 38,
340 2205 376 2265 6:
399 2199 563 2282 verbaque
587 2221 660 2263 oum
683 2199 805 2264 salibus
825 2201 829 2281 Ι
850 2200 1017 2283 asperiora
1040 2199 1130 2264 dedit

266 2315 315 2388 34,
341 2311 452 2376 10616
475 2311 615 2394 propriis
636 2310 762 2374 laribus
782 2309 787 2397 Ι
806 2311 941 2375 humida
962 2332 1065 2394 grana
1086 2311 1167 2395 legit
1179 2315 1202 2395 ¹)

266 2427 315 2502 19,
341 2427 396 2486 12:
419 2427 453 2487 et
475 2423 594 2487 nostris
619 2421 736 2487 frueris
756 2421 761 2508 Ι
780 2423 956 2505 imperiosa
978 2423 1118 2507 6661162)

230 2587 255 2655 ΙΙ
273 2585 381 2640 Dixerit
398 2584 471 2639 forte
489 2584 625 2653 quispiam
644 2585 672 2639 16
690 2584 743 2640 hoc
763 2591 933 2653 pentametro
952 2584 1065 2639 mediam
1084 2586 1219 2655 syllabam
1238 2605 1293 2641 non

161 2685 290 2725 caesurae
309 2671 351 2738 61,
378 2672 427 2725 sed
445 2674 605 2738 insequente
622 2671 641 2722 h
660 2670 752 2725 littera
770 2671 902 2739 produci,
928 2687 1008 2739 quam
1027 2671 1163 2725 licentiam
1182 2673 1293 2740 611661-

159 2758 251 2810 timam
269 2757 455 2813 adhibuerunt
473 2765 571 2825 poetae
584 2755 726 2810 christiani
745 2756 789 2822 (61.
804 2756 924 2809 Marium
937 2757 1068 2812 victorin.
1089 2757 1122 2812 de
1137 2764 1188 2811 art.
1207 2773 1293 2824 gram.

160 2843 216 2910 lp.
242 2846 290 2911 27,
318 2847 350 2896 21
378 2842 431 2912 [ed.
450 2843 512 2897 Keil
536 2843 588 2898 vol.
607 2841 675 2912 v1];
702 2842 733 2894 L.
754 2841 916 2898 Muellerum
943 2843 977 2897 de
1004 2860 1034 2898 re
1059 2850 1135 2897 metr.
1166 2860 1193 2910 p.
1218 2845 1293 2909 321);

159 2944 252 2982 verum
272 2928 399 2996 quoniam
418 2928 520 2982 nullum
548 2928 623 2982 aliud
643 2928 722 2982 huius
748 2926 789 2981 rei
806 2929 960 2996 exemplum
979 2929 1008 2981 16
1027 2929 1123 2983 Aviani
1140 2928 1234 2983 libello
1253 2932 1292 2984 in-

159 3015 275 3084 venitur,
293 3031 348 3070 non
368 3014 479 3068 dubium
501 3020 682 3082 potestesse,
700 3014 764 3081 6616
782 3013 879 3069 eadem
897 3015 1004 3069 ratione
1025 3031 1079 3082 666
1099 3021 1204 3089 eeteros
1222 3016 1293 3069 hane

160 3116 270 3169 666666
289 3100 421 3169 syllabam
440 3106 523 3168 poeta
541 3098 711 3169 produxerit.

230 3187 257 3256 2)
276 3187 327 3240 His
346 3186 409 3241 addi
429 3193 543 3254 possent
560 3186 671 3241 totidem
691 3185 745 3240 6116
763 3184 883 3240 eiusdem
902 3186 1028 3242 licentiae
1047 3185 1170 3254 exempla
1188 3193 1215 3240 et
1232 3185 1294 3252 ipsa

159 3272 334 3326 aeodicibus
360 3272 561 3338 commendata,
587 3272 639 3325 nisi
664 3271 804 3338 graviores
830 3288 931 3339 666666
958 3288 1038 3341 quam
1057 3288 1126 3339 6666
1144 3271 1292 3336 diluantur,

158 3365 189 3412 61
207 3358 241 3412 ab
260 3359 312 3413 hac
329 3358 436 3413 ratione
454 3373 487 3412 ca
505 3358 716 3425 seiungeremus,
735 3357 893 3412 suasissent.

261 3447 304 3510 41,
326 3445 375 3500 18:
394 3443 504 3498 subdita
522 3443 661 3499 nobilibus
679 3448 711 3498 ut
729 3458 779 3498 666
798 3443 856 3497 1616
872 3452 983 3511 6666661

262 3531 304 3597 35,
325 3531 371 3583 16:
392 3544 456 3597 spes
474 3529 590 3584 humiles
608 3544 703 3585 rursus
721 3530 747 3582 16
766 3530 880 3583 meliora
898 3529 983 3584 refert

261 3618 287 3684 3,
308 3616 487 3670 12161166166
508 3631 604 3670 censor
623 3621 653 3670 ut
671 3615 768 3670 6111666
786 3621 863 3670 66166

260 3705 304 3769 22,
322 3703 355 3754 6:
375 3701 475 3756 obtulit
492 3709 520 3756 et
537 3702 668 3770 precibus
689 3710 719 3757 ut
738 3707 887 3772 peteretur,
904 3701 943 3755 ait

261 3790 303 3854 27,
323 3790 369 3840 10:
389 3803 445 3855 666
464 3798 589 3864 coeptum
609 3787 729 3845 volueris
749 3787 926 3855 explicuisset
945 3803 1024 3856 opus.

157 3872 346 3941 Epimythium
366 3875 437 3928 enirn
456 3873 566 3929 fabulae
585 3875 664 3927 XLI:

262 3958 331 4012 haee
350 3965 480 4028 poterunt
499 3962 612 4015 miseros
633 3961 782 4029 posthaec
800 3959 924 4028 exempla
942 3975 1059 4026 monere,

261 4045 372 4100 subdita
390 4046 527 4101 nobilibus
546 4057 575 4102 61
594 4048 719 4102 6661616
737 4052 845 4114 gemant

130 4183 132 4187 ,
157 4131 192 4184 ab
212 4131 411 4198 interpolatore
436 4133 558 4188 additum
585 4148 644 4187 esse
663 4148 714 4202 per
738 4147 767 4188 66
786 4138 878 4201 patet,
904 4132 968 4200 quia
993 4146 1105 4200 prorsus
1125 4130 1233 4184 diversa
1251 4137 1292 4184 661

157 4217 371 4272 6166666166116
397 4219 432 4274 ab
451 4235 483 4273 66
502 4221 624 4286 ratione,
655 4236 734 4287 quam
760 4218 854 4273 sabula
871 4218 918 4272 illa
938 4218 1074 4285 explicare
1092 4216 1212 4270 Avienus
1234 4223 1290 4270 616-
