2910 4928
617 389 831 447 ..51-

160 580 223 643 que
254 556 341 641 apud
371 557 469 621 alium
505 556 698 638 scriptorum
728 555 947 618 Romanorum
976 555 1153 619 invenitur:
1195 577 1291 638 quem

160 672 245 736 enim
270 671 376 734 locum
408 668 451 732 ad
481 667 566 731 hano
588 666 857 749 significationem
879 667 1106 748 aliquomodo
1128 666 1291 750 explican-

160 783 236 847 dam
257 780 376 846 afferre
396 799 569 863 possumus
591 776 697 842 Ovidii
716 777 790 842 fast.
813 777 830 841 I
851 800 879 843 v.
904 783 965 843 705
980 799 1057 861 sqq:

263 898 299 958 at
320 911 405 976 quae
426 895 579 956 venturas
600 888 778 973 praecedat
798 893 891 953 sexta
912 888 1087 970 Kalendas,

263 1005 327 1069 hac
350 1007 426 1067 sunt
446 1001 584 1066 Ledaeis
605 1001 728 1084 templa
751 1001 860 1065 dicata
881 1001 959 1066 deis.

263 1113 421 1180 fratribus
442 1113 500 1177 illa
522 1111 591 1177 deis
612 1110 732 1177 fratres
756 1113 911 1194 degente
934 1113 1068 1178 deorum

264 1227 352 1292 circa
372 1225 527 1290 Iuturnae
550 1243 759 1307 composuere
780 1223 880 1303 lacus,

159 1360 225 1405 non
245 1339 435 1423 prorsusin
457 1336 542 1401 hanc
563 1335 723 1399 rationem
745 1335 862 1400 cadere
884 1336 1022 1415 videtur,
1042 1336 1194 1419 quodhic
1218 1357 1292 1401 con·

159 1430 256 1516 dendi
277 1450 382 1532 magis
409 1469 508 1532 quam
531 1447 748 1512 constituendi
770 1447 1038 1529 significationem
1062 1448 1293 1532 ‘componendi'

158 1563 293 1629 verbum
314 1560 424 1627 habet.

243 1674 314 1738 Iam
335 1676 373 1738 ut
395 1671 438 1736 ad
461 1670 551 1735 aliud
571 1671 688 1735 aetatis
704 1670 820 1735 Aviani
839 1671 994 1735 indicium
1016 1677 1231 1753 transeamus,
1252 1694 1293 1738 ne

159 1786 223 1850 hoc
246 1785 376 1867 quidem
398 1782 634 1867 neglegendum
655 1786 715 1861 est,
736 1782 899 1847 nonnullis
920 1782 1139 1848 locutionibus
1160 1805 1294 1868 prorsus

160 1896 243 1961 alias
266 1895 473 1978 diversasque
497 1894 538 1959 ab
561 1894 617 1973 eis,
641 1914 725 1976 quae
748 1894 836 1977 apud
858 1895 1034 1978 superioris
1052 1896 1171 1960 aetatis
1193 1897 1294 1979 scrip-

159 2014 248 2073 tores
270 2008 303 2071 in
327 2007 373 2071 eis
396 2007 514 2085 insunt,
538 2005 790 2088 significationes
814 2005 990 2071 subiecisse
1004 2008 1178 2088 Avianum3
1201 2007 1293 2071 cuius

160 2120 209 2184 rei
230 2119 373 2202 primum
397 2117 578 2201 exemplum
602 2118 635 2181 in
657 2116 789 2182 fabulae
810 2117 857 2181 III
878 2138 974 2182 versu
996 2119 1072 2183 VlII
1094 2124 1217 2183 exstat:

263 2230 321 2296 sed
342 2230 416 2293 nisu
439 2233 592 2294 contenta
613 2228 720 2294 ferens
743 2229 880 2311 vestigia
900 2234 991 2294 recto

260 2342 416 2405 innocuos
437 2359 535 2423 proso
557 2341 688 2404 tramite
711 2341 789 2405 siste
811 2340 948 2424 gradus3

160 2474 237 2518 nam
266 2451 387 2516 locutio
417 2451 548 2534 ‘gradus
571 2451 712 2531 sistere’,
745 2473 818 2516 cum
848 2453 936 2535 apud
965 2457 1091 2518 ceteros
1117 2455 1293 2538 scriptores

159 2562 358 2630 subsistendi
387 2562 454 2628 sive
485 2562 682 2628 consistendi
715 2563 780 2628 vim
806 2563 929 2630 habeat
939 2565 980 2649 ¹),
1017 2563 1104 2648 apud
1135 2566 1294 2632 Avianum

159 2809 371 2862 commoremur,
395 2793 555 2848 adducimur
578 2809 628 2864 eo,
653 2795 726 2862 quod
752 2810 860 2850 versum
886 2795 977 2865 illum,
1003 2811 1082 2863 quem
1107 2797 1293 2868 ascripsimus,

158 2881 333 2935 librariorum
351 2878 524 2948 neglegentia
542 2887 700 2949 corruptum
716 2887 874 2950 esaepatet.
910 2881 942 2935 In
961 2881 1082 2936 codicum
1094 2882 1163 2936 enim
1178 2883 1296 2938 lectione

159 2966 237 3036 (satiz
261 2965 300 3033 P,
317 2964 398 3020 faeti:
416 2965 483 3035 AG,
502 2965 567 3020 fati:
587 2967 679 3035 ceteri)
699 2967 764 3035 qnid
783 2968 882 3036 ‘magni
900 2969 1054 3022 reverentia
1070 2968 1129 3022 fati'
1148 2969 1201 3022 sibi
1218 2968 1295 3038 velit,

160 3066 272 3122 prorsus
297 3051 442 3105 obscurum
466 3056 522 3121 est,
547 3059 578 3107 nt
605 3052 657 3105 iam
676 3052 879 3121 paraphraseos
897 3060 993 3109 auctor
1013 3053 1170 3108 coniectura
1192 3055 1295 3109 mederi

158 3138 309 3193 sententiae
334 3137 471 3206 studeret,
504 3153 563 3192 cum
591 3139 691 3206 ‘magni
715 3139 870 3195 reverentia
896 3139 1006 3199 Baccbi’
1031 3148 1194 3209 reponeret;
1224 3156 1294 3207 quae

159 3224 329 3291 emendatio,
360 3223 413 3278 etsi
431 3223 634 3292 speciosissima
660 3230 718 3292 est,
744 3225 901 3279 aeodicum
929 3227 1066 3294 scriptura
1088 3226 1169 3281 nimis
1186 3226 1296 3282 recedit.

158 3310 217 3363 Iam
234 3308 391 3364 accuratius
410 3309 531 3364 codicum
552 3310 669 3378 vestigia
685 3311 787 3378 pressit
804 3311 935 3366 Aemilius
953 3312 1109 3381 Baehrens,
1127 3313 1174 3382 qui
1192 3314 1295 3381 ‘magni

157 3397 312 3451 reverentia
328 3394 394 3450 lani'
413 3395 535 3464 scripsit3
562 3394 610 3450 sed
634 3412 667 3450 ne
690 3395 744 3451 hac
764 3396 873 3464 quidem
891 3397 1007 3452 lectione
1025 3407 1143 3467 recepta
1155 3399 1228 3453 omni
1246 3401 1294 3455 ob-

157 3480 287 3537 scuritate
311 3485 387 3535 earet
412 3482 501 3536 oratio
528 3487 557 3536 et
582 3487 726 3549 praeterea
749 3483 828 3537 nimis
854 3499 923 3551 vaga
949 3489 998 3538 est.
1034 3483 1140 3551 ltaque·
1158 3484 1212 3553 ipsi
1229 3485 1294 3538 mihi

158 3566 339 3622 coniectando
357 3572 464 3621 tentare
482 3567 555 3621 huna
573 3568 660 3622 locum
671 3574 829 3638 corruptum
847 3569 944 3637 liceat;
962 3574 1046 3638 atque
1061 3570 1130 3623 baec
1148 3570 1295 3639 scripsisse

158 3653 293 3707 Asianum
311 3650 467 3720 suspicatus
485 3652 551 3707 sim:

259 3738 370 3792 subdita
388 3753 506 3805 namque
523 3739 574 3793 tibi
593 3744 635 3794 est
653 3740 756 3796 Bacchi
774 3741 928 3795 reverentia
945 3741 1020 3810 fat03

157 3824 256 3890 inquo
281 3840 362 3879 versu
389 3839 452 3878 cum
478 3824 651 3880 librariorum
677 3827 819 3894 socordia,
849 3841 920 3894 quae
943 3828 1059 3883 maxima
1084 3829 1113 3882 in
1139 3828 1294 3884 nominibus

156 3910 275 3979 propriis
309 3919 384 3980 erat,
420 3911 540 3966 ‘Bacchi’
570 3912 598 3966 in
626 3914 732 3982 ‘magni’
758 3923 916 3982 corruptum
942 3920 1016 3970 esset
1041 3913 1087 3984 [ai.
1114 3914 1246 3970 Bnooffl
1271 3930 1294 3969 c.

155 3995 299 4066 MAGNI],
319 4013 353 4051 ex
371 3996 455 4067 ‘fato’‚
472 4003 502 4053 ut
520 3997 628 4066 ‘magni’
645 3998 762 4054 baberet
780 4016 886 4069 nomen,
905 4000 941 4055 ad
959 4000 1031 4070 quod
1050 4002 1209 4070 pertineret,
1228 4002 1294 4058 ‘fati'

156 4089 308 4138 correctum
325 4089 376 4152 est,
396 4088 434 4150 ut,
453 4086 477 4138 si
490 4085 561 4138 hanc
579 4085 607 4139 in
619 4086 741 4141 ordinem
759 4087 907 4153 recipimus
923 4088 1147 4157 emendationem,
1165 4087 1294 4143 facillime

156 4169 204 4237 qui
223 4167 324 4226 factum
344 4170 390 4238 sit,
406 4177 438 4225 ut
456 4186 552 4226 versus
570 4172 776 4242 depravaretur,
794 4173 1001 4241 perspiciamus.

227 4256 251 4324 l)
271 4254 353 4324 Verg.
372 4259 441 4310 Aen.
460 4257 506 4326 Vl,
525 4258 592 4326 4653
610 4259 735 4329 Propert.
753 4261 778 4327 4,
800 4261 841 4327 10,
860 4260 909 4325 36;
928 4258 976 4314 0v.
996 4260 1097 4314 remed.
1116 4277 1167 4316 am.
1186 4263 1229 4315 80.

1047 4347 1088 4400 4*
