2910 4928
302 1320 396 1427 De
432 1323 669 1426 Aviani
706 1326 935 1428 aetate.

114 1664 116 1669 Δ
143 1581 191 1645 De
219 1585 382 1662 tempore,
415 1600 479 1661 quo
508 1579 650 1644 Avianus
677 1578 862 1644 fabularum
892 1583 1007 1643 auctor
1034 1577 1191 1655 floruerit,

56 1711 177 1772 magna
199 1689 306 1753 adhuc
327 1689 469 1755 virorum
493 1689 662 1755 doctorum
685 1689 748 1754 fuit
771 1689 948 1770 dubitati03
976 1694 1075 1772 atque
1097 1692 1191 1752 tanta

58 1806 109 1865 est
131 1800 318 1883 opinionum
338 1799 566 1884 discrepantia,
593 1806 630 1865 ut
651 1801 824 1883 unicuique
848 1798 987 1879 saeculo,
1010 1803 1192 1882 quaesunt

57 1913 143 1976 inter
165 1909 303 1975 alterum
330 1916 363 1976 et
385 1916 528 1992 sextum,
563 1931 583 1976 a
606 1911 739 1994 singulis
760 1917 859 1994 poeta
879 1910 934 1975 ille
957 1910 1118 1993 ascriptus
1141 1909 1191 1973 sit.

58 2023 137 2087 Cum
161 2027 269 2087 autem
287 2027 422 2106 propter
438 2023 649 2106 antiquarum
668 2021 855 2087 litterarum
869 2021 1040 2087 historiam
1059 2041 1124 2084 non
1144 2019 1192 2084 ita

59 2135 167 2217 exigui
197 2134 352 2198 momenti
383 2155 453 2198 esse
480 2139 631 2218 putemus
666 2133 861 2199 fabulatoris
891 2132 978 2198 illius
1006 2131 1192 2196 accuratius

57 2266 251 2329 pernoscere
272 2248 424 2322 aetatem,
445 2249 549 2309 totam
567 2244 652 2308 hanc
669 2243 892 2328 quaestionem
904 2243 1009 2308 denuo
1020 2242 1191 2307 instituere

61 2361 160 2439 atque
182 2359 363 2420 retractare
386 2360 419 2419 et
436 2355 591 2437 quidnam
613 2355 676 2439 ipsi
694 2355 736 2420 ad
752 2355 868 2419 Aviani
884 2359 1027 2419 aetatem
1046 2353 1191 2418 certiori-

56 2467 118 2532 bus
127 2466 245 2531 finibus
255 2465 583 2531 circumscribendam
592 2466 906 2550 conferrepossimus
915 2485 1075 2548 exponere
1088 2463 1190 2529 visum

58 2583 115 2643 est.
138 2578 332 2660 Priusquam
348 2583 457 2642 autem
472 2577 514 2642 ad
527 2578 612 2643 hane
627 2599 696 2643 rem
711 2578 817 2661 ipsam
830 2576 1033 2656 accedamus,
1048 2575 1192 2640 virorum

58 2688 236 2768 doctorum,
259 2689 405 2771 quiante
424 2710 484 2754 nos
500 2688 540 2754 de
558 2689 674 2754 Aviani
688 2693 796 2753 aetate
807 2687 929 2753 iudicia
943 2687 1100 2766 fecerunt,
1122 2686 1191 2769 opi-

58 2801 169 2865 niones
185 2798 396 2882 contemplari
411 2799 528 2864 liceat:
551 2821 617 2882 qua
638 2820 739 2883 opera
755 2799 927 2883 diligenter
946 2801 1098 2881 suscepta
1119 2796 1191 2862 fieri
1256 2872 1257 2876 Ἰ

58 2932 155 2995 posse
178 2910 385 2991 arbitramur,
407 2916 445 2976 ut
467 2931 551 2993 quae
576 2932 628 2976 res
642 2914 745 2975 totam
764 2930 896 2976 causam
919 2908 1114 2988 contineant,
1137 2928 1190 2973 ac·

58 3023 203 3088 curatius
224 3021 460 3104 intellegamus.

144 3134 251 3215 Atque
271 3138 308 3198 ut
322 3133 463 3216 primum
485 3132 526 3198 de
549 3154 660 3199 eorum
679 3132 841 3198 sententia
859 3152 1003 3216 agamus,
1026 3130 1082 3213 qui
1104 3129 1191 3196 hunc

59 3244 217 3308 Avianum
240 3265 312 3309 cum
335 3244 456 3309 Avieno
477 3244 546 3324 illo,
575 3244 631 3327 qui
655 3242 798 3308 carmina
821 3241 1038 3327 geographica
1061 3263 1190 3326 compo-

58 3355 132 3431 suit,
153 3353 386 3433 oonfnderunt,
417 3355 513 3419 huius
535 3354 654 3420 erroris
683 3359 868 3420 auctorest
889 3352 991 3418 Lilius
1013 3352 1190 3436 Gregorius

59 3466 237 3550 Gyraldus,
268 3466 324 3548 qui
352 3466 385 3530 in
414 3466 479 3530 illis
509 3465 549 3531 de
580 3470 751 3550 poetarum
773 3464 912 3530 historia
933 3462 1070 3547 dialogis
1084 3465 1108 3548 1)
1129 3464 1191 3528 has

57 3575 186 3641 fabulas
209 3576 330 3641 Avieno
361 3577 587 3642 attribuendas
619 3576 745 3642 censuit
773 3597 878 3660 neque
908 3596 985 3640 vero
1013 3596 1073 3659 pro
1101 3580 1190 3640 certo

57 3686 120 3750 hoc
151 3687 363 3767 asseveravit,
394 3687 451 3752 sed
481 3709 520 3753 ea
542 3687 730 3753 condicione
758 3686 843 3767 lata,
870 3707 910 3752 ne
940 3686 1190 3770 inscriptiones

59 3795 197 3864 falleret.
247 3799 316 3863 Iam
345 3799 431 3863 huno
461 3804 591 3864 secutus
621 3798 776 3873 Pithoeus
785 3798 812 3883 2)
841 3819 901 3882 pro
932 3802 1021 3862 certo
1053 3818 1092 3862 ac
1121 3798 1190 3862 sine

58 3907 126 3973 ulla
148 3907 350 3974 dubitatione
372 3908 432 3974 has
453 3910 543 3974 XLII
564 3909 694 3975 fabulas
720 3908 806 3974 Rufo
827 3909 923 3974 Festo
944 3908 1066 3974 Avieno
1089 3909 1189 3974 ascri-

128 4080 153 4146 1)
174 4077 238 4132 dial.
257 4077 294 4131 1v
311 4094 339 4146 p.
360 4079 406 4133 191
427 4080 480 4148 (ed.
501 4079 583 4135 Basil.
604 4096 628 4136 s.
649 4080 734 4150 1680).

126 4164 154 4233 2)
173 4162 317 4219 emendata
336 4164 365 4219 in
382 4178 472 4233 poem.
491 4171 545 4222 vet.
563 4181 590 4235 p.
609 4167 659 4222 597
677 4164 736 4220 init.
756 4165 808 4234 (ed.
829 4164 930 4221 Gener.
948 4179 973 4220 a.
993 4165 1080 4236 1596).
