2910 4928
693 350 909 412 -26..

235 534 295 578 nec
319 516 424 579 minus
455 515 488 578 in
516 515 647 581 fabulae
670 516 747 581 XIX
777 539 872 582 versu
894 517 955 582 XII
983 517 1016 581 11
1040 518 1206 583 codicibus
1226 519 1275 583 ita
1295 541 1374 602 per-

235 627 373 710 scripto:
423 617 427 623 ⁴

340 745 373 804 11
394 740 513 804 nostris
535 740 653 805 frueris
674 741 850 823 imperiosa
871 743 974 821 malis,

234 849 281 913 111
302 850 473 916 verborum
496 851 642 916 ordinem
665 855 892 918 eommutavit:

339 966 372 1026 et
392 962 509 1026 frueris
531 965 651 1027 nostris
674 964 848 1047 imperiosa
872 967 975 1030 malis.

235 1072 326 1137 Licet
349 1073 502 1156 placeant
524 1096 589 1140 non
616 1077 730 1158 paucis
760 1076 821 1140 hae
844 1077 989 1141 medelae
1013 1077 1054 1141 ob
1081 1078 1371 1141 commutationum

233 1183 410 1264 lenitatem,
428 1185 454 1251 si
466 1192 572 1250 tamen
588 1187 672 1250 11111
688 1209 785 1270 quam
799 1188 936 1270 ingressi
948 1211 1057 1253 sumus
1074 1190 1247 1270 sequimur,
1269 1188 1370 1252 libro·

233 1318 305 1361 rum
317 1297 497 1380 vestigia'in
509 1297 560 1362 his
569 1298 666 1363 rebus
677 1300 854 1382 premenda
864 1306 947 1378 sunt,
960 1301 1153 1382 praesertim
1162 1322 1234 1365 cnm
1243 1299 1370 1364 nullum

235 1407 334 1471 alium
357 1409 501 1474 invenias
523 1411 638 1488 lucum,
662 1412 753 1476 euius
773 1411 945 1475 verborum
963 1411 1042 1476 ordo
1065 1412 1098 1474 in
1113 1412 1227 1475 Aviani
1250 1410 1370 1475 codici-

236 1518 298 1584 bus
321 1521 830 1605 praestantioribusperturbata
854 1523 904 1587 sit.
949 1525 996 1587 Ae
1019 1528 1107 1587 certe
1129 1522 1182 1587 hic
1206 1522 1275 1606 ipse
1298 1543 1369 1586 ver-

234 1630 350 1695 borum
379 1631 459 1695 ordo
491 1631 602 1696 dedita
631 1655 731 1716 opera
763 1633 804 1698 ab
833 1634 956 1698 Avieno
988 1635 1183 1699 constitutus
1215 1640 1281 1711 est,
1314 1635 1371 1716 qui

197 1786 205 1800 .
234 1741 304 1806 1111
334 1742 447 1807 vitium
480 1744 650 1808 metricum
689 1744 880 1827 aequalibus
917 1745 996 1809 satis
1027 1745 1140 1809 tritum
1175 1743 1370 1826 minimeque

236 1853 408 1918 molestum
431 1854 603 1919 admittere
626 1855 758 1934 maluit,
790 1855 963 1920 dummodo
989 1856 1052 1919 vim
1084 1855 1274 1939 pondusque
1297 1875 1370 1918 ora-

239 1965 320 2028 tioni
343 1965 495 2030 adderet:
525 1967 597 2048 quis
625 1968 708 2031 enim
734 1973 799 2045 est,
831 1967 886 2048 qui
908 1967 999 2031 illum
1019 1967 1191 2031 verborum
1214 1966 1370 2044 ordinem,

236 2096 299 2157 quo
337 2077 494 2159 ‘propriis'
531 2079 640 2160 priore
676 2078 747 2142 loeo
784 2078 932 2161 ponitur,
970 2080 1089 2161 optime
1128 2077 1298 2142 convenire
1335 2078 1369 2141 in

235 2185 434 2252 bunclocum
450 2195 547 2270 neget
556 2189 777 2271 orationisque
790 2190 983 2272 gravitatem
992 2190 1211 2272 maximopere
1225 2190 1369 2271 augere?

321 2298 434 2380 Neque
456 2301 521 2364 alia
544 2321 643 2366 11111
658 2306 765 2365 motus
782 2307 831 2365 est
850 2307 948 2384 poeta
970 2302 1003 2365 11
1023 2300 1155 2366 fabulae
1172 2300 1248 2365 XIX
1273 2320 1370 2364 versu
1393 2338 1396 2344 ·

236 2409 315 2488 XII,
336 2415 373 2474 ut
396 2412 532 2475 ‘nostris'
557 2418 632 2476 ante
656 2411 791 2476 ‘frueris'
815 2418 969 2496 poneret,
992 2434 1064 2477 cum
1088 2412 1173 2476 enim
1192 2411 1288 2495 pinus
1310 2411 1368 2474 du-

236 2541 305 2585 1111
334 2522 489 2587 irrisisset
520 2522 653 2604 eiusque
683 2523 770 2587 11111
797 2529 1037 2601 enumerasset,
1074 2522 1272 2606 respondent
1305 2520 1368 2586 illi:

236 2652 321 2696 nunc
357 2632 493 2698 virtutes
531 2639 605 2699 tuas
643 2634 729 2698 solas
765 2656 934 2699 enumeras
972 2640 1070 2717 atque
1102 2634 1222 2699 nostris
1261 2632 1368 2711 rebus,

236 2763 320 2825 quae
350 2742 410 2808 tibi
440 2745 545 2809 malae
576 2767 645 2810 esse
675 2745 841 2825 videntur,
872 2746 1078 2827 conviciaris,
1107 2745 1164 2810 sed
1194 2767 1266 2810 cum
1297 2743 1368 2828 pul·

236 2855 315 2919 chra
339 2859 398 2921 tua
428 2857 574 2921 membra
604 2858 726 2922 securis
757 2857 916 2937 succidet,
946 2858 1114 2941 intelleges
1144 2858 1226 2922 haec
1256 2861 1368 2921 nostra

237 2987 300 3030 non
322 2969 409 3031 mala
431 2968 488 3032 sed
510 2969 595 3033 bona
619 2989 689 3032 esse
711 2974 810 3052 atque
834 2969 961 3034 easdem
985 2991 1037 3034 res
1061 2975 1097 3034 ut
1118 2969 1253 3046 habeas,
1276 2973 1368 3051 opta-

235 3077 295 3142 bis.
341 3079 518 3145 Praeterea
547 3102 587 3144 11
614 3080 676 3144 hoc
699 3081 829 3163 quidem
859 3102 938 3145 casu
967 3081 1082 3146 fecisse
1111 3086 1210 3163 poeta
1231 3079 1368 3156 videtur,

237 3193 273 3252 ut
294 3191 401 3254 ‘meas’
424 3191 457 3254 in
477 3192 540 3254 fine
556 3191 656 3255 totius
675 3193 832 3257 orationis
849 3191 1032 3271 collocaret,
1056 3191 1113 3256 sed
1128 3191 1175 3255 ita
1190 3189 1368 3254 instituisse

237 3306 343 3366 totum
365 3302 451 3367 hunc
474 3324 662 3381 sermonem,
686 3308 723 3368 ut
745 3309 778 3368 11
800 3325 819 3368 1
840 3304 1029 3387 pronomine
1052 3302 1189 3366 ‘nostris'
1211 3301 1369 3382 inciperet

237 3418 270 3477 et
287 3436 347 3497 per
365 3435 542 3499 pronomen
558 3415 665 3480 ‘meas’
681 3416 880 3480 terminaret.
916 3416 1005 3493 Quae
1024 3435 1095 3478 cum
1112 3414 1159 3476 ita
1181 3412 1257 3488 sint,
1279 3409 1368 3472 nullo

238 3524 333 3590 modo
357 3547 429 3590 cum
448 3525 656 3590 Lachmauno
678 3527 788 3590 facere
810 3546 980 3608 possumus
1002 3524 1053 3587 his
1075 3522 1108 3586 in
1130 3521 1278 3586 versibus
1298 3541 1368 3584 ver·

235 3636 351 3702 borum
381 3637 528 3702 ordinem
567 3642 801 3702 commutante:
838 3656 913 3699 nam
942 3634 1142 3698 Lachmauni
1174 3632 1368 3725 lectionibus

236 3750 376 3832 receptis
404 3754 437 3813 et
459 3748 492 3813 in
511 3750 573 3813 hoc
595 3754 628 3814 et
654 3749 687 3811 in
709 3747 764 3811 illo
787 3767 882 3810 versu
905 3765 1015 3809 omnes
1040 3745 1179 3810 orationi
1200 3743 1290 3808 nervi
1313 3743 1368 3808 de-

236 3861 411 3925 trahuntur
434 3861 655 3941 sermonisque
679 3858 840 3940 elegantia
863 3856 1018 3921 aufertur.

322 3971 488 4036 Habemus
502 3971 602 4052 igitur
614 3970 646 4032 11
656 3970 770 4032 Aviani
785 3968 895 4032 libello
904 3969 1046 4051 quinque
1061 3967 1209 4050 exempla
1224 3967 1368 4051 syllabae

235 4083 343 4147 brevis
379 4081 576 4167 pentametri
605 4101 742 4145 caesura
779 4080 958 4165 productae
993 4086 1092 4164 atque
1121 4081 1186 4144 tria
1220 4079 1368 4162 exempla

234 4194 344 4258 hiatus
372 4194 405 4257 in
435 4192 547 4257 eadem
579 4191 654 4256 sede
683 4192 833 4274 admissi;
866 4192 986 4276 quibus
1013 4192 1195 4258 rationibus
1224 4190 1367 4256 metricis

234 4305 284 4374 uti
317 4304 395 4370 licet
432 4304 475 4369 ad
504 4303 697 4370 fabulatoris
732 4305 819 4371 illius
848 4310 989 4371 aetatem
1023 4303 1254 4382 definiendam3
1292 4322 1368 4391 1111
