2910 4920
697 371 911 437 ..22-

239 538 318 603 toris
330 537 417 603 illius
438 542 545 603 aetate
560 538 627 603 fiat.
650 539 686 603 In
704 540 900 622 pentametri
913 540 997 602 enim
1013 539 1120 602 media
1139 536 1264 622 syllaba
1281 536 1370 601 haud

238 672 314 715 raro
337 650 371 714 id
393 650 456 715 sibi
477 650 575 714 licere
597 650 762 715 fabulator
783 651 838 716 ille
861 651 1073 730 existimavit,
1101 655 1138 715 ut
1158 650 1289 715 brevem
1312 648 1369 712 ad·

238 761 400 840 mitteret,
433 782 518 844 quae
540 762 622 827 arsis
646 763 677 827 vi
699 762 935 844 produceretur
947 763 980 844 1).
1026 761 1090 827 Sed
1113 761 1304 844 priusquam
1326 760 1370 824 ad

238 894 351 937 versus
380 872 453 937 illos
481 873 569 956 ipsos
598 873 788 938 tractandos
820 873 1029 952 accedamus,
1061 873 1222 957 agendum
1251 878 1300 936 est
1328 872 1369 936 de

238 983 364 1048 duobus
402 984 498 1062 locis,
537 985 592 1067 qui
631 1006 828 1067 quamquam
863 988 967 1069 primo
1001 989 1136 1067 aspectu
1167 984 1200 1047 in
1232 982 1369 1048 eandem

237 1115 372 1180 prorsus
391 1097 550 1161 rationem
582 1096 699 1161 cadere
721 1096 884 1174 videntur,
913 1096 1011 1179 paulo
1033 1101 1143 1161 tamen
1165 1095 1261 1160 aliter
1283 1116 1369 1159 com-

237 1207 346 1290 parati
369 1212 452 1272 sunt.
497 1208 580 1272 Sunt
601 1213 710 1273 autem
733 1229 845 1273 versus
866 1208 917 1273 hi:

343 1323 393 1397 29,
412 1323 470 1384 22:
492 1323 559 1383 tam
583 1319 711 1384 diversa
733 1320 797 1385 duo
819 1321 876 1403 qui
898 1319 1070 1385 simulare
1092 1319 1215 1401 ferat2)

344 1435 392 1509 17,
416 1437 450 1495 6:
474 1452 560 1495 nunc
581 1431 650 1511 tibi,
674 1431 780 1514 qualis
803 1432 908 1516 eg03),
930 1431 1063 1496 nuntius
1085 1431 1147 1495 iste
1169 1429 1278 1495 refert.

239 1542 398 1618 Quoniam
418 1542 527 1624 priore
546 1542 618 1607 loco
641 1542 834 1607 vocabulum
857 1543 939 1608 ‘duo'
965 1543 1007 1608 ab
1030 1541 1178 1607 omnibus
1202 1541 1369 1620 codicibus

238 1652 418 1717 exhibitum
433 1653 623 1732 invenimus,
644 1655 747 1719 altero
765 1654 837 1719 loco
852 1655 930 1738 ‘ego’
945 1653 1164 1738 reponendum
1183 1674 1254 1718 esse
1269 1654 1371 1717 maxi-

236 1784 321 1828 mam
344 1764 633 1830 verisimilitudinis
656 1767 796 1849 speciem
818 1766 934 1846 habet,
964 1771 1146 1830 statuamus
1167 1785 1300 1829 necesse
1322 1769 1373 1828 est

237 1875 407 1958 utriusque
429 1876 579 1941 vocabuli
600 1878 815 1960 posteriorem
838 1878 996 1962 syllabam
1020 1876 1061 1941 ab
1084 1877 1208 1941 Aviano
1230 1875 1370 1958 produc·

236 1991 304 2051 tam
327 2008 413 2068 esse;
437 2009 521 2070 quae
543 1989 628 2052 ratio
649 2010 669 2053 a
691 1988 899 2053 classicorum
923 1993 1094 2072 poetarum
1115 1987 1241 2070 legibus
1264 1986 1371 2051 aliena

236 2135 279 2146 -
300 2098 335 2162 hi
358 2099 442 2163 enim
461 2119 575 2163 vocum
596 2099 678 2163 ‘duc’
706 2106 739 2163 et
761 2099 838 2181 ‘ego'
863 2100 1010 2164 ultimam
1029 2099 1207 2182 corripiunt
1229 2135 1270 2146 —
1292 2119 1370 2182 poe-

236 2214 345 2274 tarum
367 2211 618 2275 christianorum
648 2216 713 2290 est,
748 2210 804 2292 qui
834 2210 956 2294 relapsi
984 2211 1027 2276 ad
1047 2209 1263 2274 imitationem
1286 2210 1370 2274 anti·

306 2424 330 2491 1)
349 2422 383 2476 cf.
404 2424 437 2477 de
461 2426 563 2479 haere
583 2438 653 2492 quae
671 2425 823 2493 disputavit
839 2425 871 2477 L.
891 2425 1041 2479 Muellerus
1066 2425 1100 2479 dc
1120 2440 1150 2478 re
1168 2431 1245 2478 metr.
1272 2439 1299 2492 p.
1318 2425 1368 2476 331

238 2525 292 2576 sq.3
316 2525 404 2576 neque
422 2517 513 2565 tamen
532 2511 589 2564 eius
609 2509 814 2578 comprobanda
831 2514 871 2564 est
892 2510 1026 2564 sententia
1046 2525 1099 2577 qua
1117 2525 1163 2575 ea,
1189 2509 1223 2563 de
1241 2524 1295 2576 qua
1313 2510 1369 2576 agi·

236 2610 295 2648 mus
314 2595 426 2650 licentia
444 2594 610 2649 abstinuisse
627 2597 759 2650 Asianum
778 2595 926 2649 contendit.

307 2683 334 2750 2)
353 2681 575 2750 Cannegieterus,
595 2697 654 2735 cum
673 2682 747 2736 vocis
766 2681 839 2736 ‘duo’
857 2681 969 2735 ultimae
988 2679 1109 2750 syllabae
1127 2680 1272 2749 productio
1290 2680 1371 2735 nimis

235 2767 303 2820 dura
322 2765 347 2820 ei
365 2767 513 2835 videretur,
531 2767 637 2821 censuit
656 2766 758 2832 (verum
778 2767 807 2821 id
827 2767 994 2836 dubitanter)
1013 2765 1215 2835 reponendum:

340 2860 395 2907 tam
414 2854 522 2908 diversa
540 2870 594 2909 uno
613 2853 660 2922 qui
680 2853 761 2907 simul
779 2869 827 2908 cre
847 2853 934 2921 ferat3

237 2954 316 3006 qnam
334 2941 505 3007 scripturam,
526 2955 585 2993 cum
605 2946 632 2994 et
647 2941 674 2992 in
693 2939 855 2994 sententiam
874 2946 902 2993 et
916 2940 944 2992 in
958 2947 1074 2994 metram
1089 2940 1191 3008 optime
1203 2937 1327 3005 quadret,
1346 2937 1369 2990 si

235 3041 252 3078 a
277 3025 415 3080 codicibus
449 3025 640 3091 exhiberetur,
674 3025 702 3079 in
734 3025 856 3080 ordinem
881 3026 1003 3095 recipere
1033 3042 1067 3079 ne
1092 3024 1227 3079 tantillum
1260 3023 1369 3089 quidem

237 3110 407 3177 dubitarem
425 3112 473 3166 sed
493 3128 552 3166 curn
571 3110 687 3165 omnium
707 3110 830 3165 codicum
845 3112 1008 3166 auctoritate
1027 3111 1082 3165 alia
1095 3109 1175 3164 lectio
1195 3108 1369 3162 confirmetur

236 3201 263 3250 et
280 3195 342 3264 ipsa
360 3199 462 3265 optima
481 3203 563 3264 atquc
582 3197 738 3265 aptissima,
764 3213 781 3250 a
799 3197 921 3250 codicum
942 3198 1067 3264 partibus
1085 3211 1134 3250 nos
1154 3203 1228 3250 stare
1246 3201 1369 3262 oportet;

236 3281 316 3336 aliter
335 3282 404 3336 enim
424 3284 447 3337 si
473 3282 618 3349 faciemus,
644 3298 698 3335 non
716 3282 891 3336 librariorum
909 3297 1034 3348 errores,
1055 3281 1102 3336 sed
1122 3280 1265 3349 scriptoris
1282 3280 1369 3348 ipsius

235 3369 319 3421 verba
337 3369 541 3423 emendabimus
560 3373 642 3435 atque
660 3367 694 3421 ad
713 3375 835 3433 nostrum
853 3370 976 3436 ipsorum
997 3383 1105 3422 sensum
1123 3367 1298 3435 corrigemus.

303 3456 329 3519 3)
347 3453 426 3508 Hunc
444 3470 551 3508 versum
570 3454 597 3507 in
616 3453 753 3509 codicibus
771 3455 810 3508 sic
829 3459 986 3510 exaratum:

338 3556 411 3594 nuuc
428 3540 488 3606 tibi,
508 3539 595 3606 qualis
615 3555 698 3607 eram,
719 3540 829 3595 nuntius
846 3541 900 3597 iste
918 3539 1010 3606 refert,

236 3625 340 3693 quippe
360 3626 406 3693 qui
425 3633 451 3679 et
470 3630 616 3693 syntaxeos
636 3627 678 3694 (cf.
693 3625 880 3693 Cannegieter.
902 3625 967 3679 diss.
987 3640 1010 3678 o.
1029 3624 1108 3677 XXII
1128 3624 1196 3691 init.)
1217 3627 1244 3676 et
1261 3627 1369 3677 senten-

234 3711 290 3764 tiae
314 3710 378 3764 vitio
403 3711 525 3777 laboret,
549 3711 686 3778 integram
710 3727 763 3766 uon
789 3726 849 3766 esse
869 3711 1066 3780 perspicientes
1093 3712 1146 3763 iam
1171 3707 1295 3775 plerique
1324 3708 1370 3774 qui

235 3794 366 3849 Asianum
392 3797 518 3864 edidere,
542 3797 733 3851 emendatione
757 3813 857 3851 sanare
875 3795 1051 3864 studuerunt,
1077 3795 1152 3850 velut
1174 3795 1372 3860 Lachmannus

235 3881 282 3948 qni
300 3883 439 3950 reposuit:
464 3882 526 3950 ‘qua
550 3883 672 3949 lateam’,
698 3890 726 3936 et
744 3883 931 3949 Froebnerus‚
958 3882 1003 3948 qui
1029 3880 1152 3948 scripsit:
1180 3879 1277 3947 ‘qualis
1296 3880 1371 3933 eam’

234 3966 330 4034 Neque
348 3979 440 4022 tamen
458 3969 526 4023 haec
544 3985 633 4035 neque
650 3969 699 4022 illa
715 3969 868 4022 emendatio
889 3967 967 4022 buius
986 3967 1038 4021 loci
1057 3967 1207 4020 sententiae
1226 3963 1369 4031 satisfacit,

235 4061 337 4108 utnon
357 4054 512 4108 dubitemus
538 4055 566 4107 in
586 4053 742 4108 Schenkelii
760 4054 920 4108 sententiam
946 4054 1063 4106 transire
1080 4051 1108 4104 in
1127 4052 1216 4106 ‘eram’
1234 4051 1311 4106 verbi
1330 4052 1368 4104 lo-

236 4155 296 4193 cum
314 4141 383 4208 ‘ego’
401 4140 609 4205 substituentis;
629 4155 698 4208 quae
718 4139 799 4194 lectio
817 4140 888 4194 etin
906 4137 1033 4207 syntaxis
1052 4139 1124 4194 etin
1143 4139 1305 4194 seutentiam
1322 4134 1374 4206 op-'

234 4225 298 4281 time
319 4225 443 4294 quadrat.
