2910 4928
618 372 832 435 ...29-

242 542 309 607 Nec
331 542 446 621 minus,
469 541 617 605 neultra
638 541 803 607 saeculum
825 545 976 623 quartum
990 539 1164 606 evehamus
1178 541 1290 605 Aviani

157 660 315 734 aetatem,
345 652 557 737 prohibemur
586 652 650 716 alio
674 672 792 735 genere
813 651 1020 731 indiciorum,
1053 673 1137 735 quae
1161 653 1291 734 quidem

156 767 190 828 in
211 785 359 830 sermone
381 765 589 828 inveniuntur
611 769 643 827 et
666 762 708 827 ad
731 784 814 846 quae
829 763 1003 828 tractanda
1024 765 1131 847 capite
1144 765 1291 847 proximo

158 877 313 942 accedere
336 876 369 939 in
392 876 499 939 animo
523 881 580 939 est.
1087 862 1089 867 ¹

247 990 293 1051 Ao
324 987 463 1071 primurn
495 985 624 1068 quidem
657 987 691 1050 in
722 987 907 1051 universum
938 987 977 1051 de
1009 1007 1156 1052 sermone
1179 988 1294 1052 Aviani

158 1120 264 1182 pauca
286 1118 416 1163 monere
439 1097 658 1162 necessarium
680 1098 825 1178 videtur,
856 1119 931 1162 nam
956 1119 993 1163 eo
1016 1098 1138 1162 factum
1162 1103 1226 1177 est,
1257 1102 1293 1163 ut

159 1210 252 1275 multi
275 1210 308 1274 in
328 1209 444 1274 falsam
476 1209 515 1273 de
535 1208 731 1274 fabulatoris
752 1209 839 1272 illius
862 1214 970 1273 aetate
992 1210 1176 1294 opinionem
1199 1209 1293 1274 sedu-

160 1327 319 1386 cerentur.
364 1322 482 1386 Omnes
505 1321 606 1399 enim,
636 1321 693 1402 qui
715 1321 811 1387 alteri
840 1342 871 1403 p.
896 1320 968 1385 Chr.
992 1342 1022 1384 n.
1045 1321 1174 1385 saeculo
1197 1321 1292 1385 Avia-

160 1454 236 1497 num
266 1433 529 1514 assignaverunt,
560 1437 598 1496 ut
628 1430 662 1494 id
690 1430 939 1512 contenderent,
969 1432 1048 1496 moti
1077 1437 1152 1496 sunt
1183 1453 1222 1496 ea
1250 1453 1293 1509 re,

159 1544 246 1628 quod
270 1545 303 1608 in
326 1544 377 1609 his
395 1543 516 1609 fabulis
531 1542 722 1607 nobiliorem
745 1543 906 1624 quendam
929 1543 1132 1625 antiquitatis
1155 1543 1295 1608 colorem

160 1676 220 1720 nec
241 1656 355 1739 paucis
381 1655 462 1721 locis
491 1654 629 1739 pulchra
658 1653 826 1737 nitidaque
849 1656 1052 1738 perlucentis
1075 1656 1212 1720 sensisse
1233 1654 1295 1719 sibi

162 1767 223 1831 visi
246 1771 328 1831 sont.
341 1769 366 1851 1)
410 1767 523 1849 Neque
545 1765 661 1831 horum
685 1767 828 1830 virorum
853 1767 1022 1831 doctorum
1046 1786 1159 1831 sensus
1180 1767 1296 1851 decep-

162 1884 216 1943 tus
239 1882 304 1958 est3
334 1878 420 1960 quod
450 1882 560 1942 tamen
583 1897 647 1942 non
668 1876 725 1942 illa
747 1878 873 1943 ratione
897 1878 1140 1962 explicandum,
1170 1877 1297 1941 sedita

163 1988 415 2072 intellegendum
444 1995 509 2068 est,
543 1993 581 2054 ut
608 2009 732 2054 summo
760 1989 868 2053 studio
898 2010 937 2053 ao
952 1989 1133 2083 'diligentia
1163 1988 1297 2070 Vergilii

147 2103 309 2166 'earmina
331 2101 484 2183 relegisse
514 2106 613 2183 atque
642 2101 804 2165 imitatum
834 2121 904 2164 esse
925 2101 1083 2165 livianum
1107 2106 1297 2178 statuamus

159 2213 193 2276 id
216 2213 302 2295 quod
332 2216 365 2275 et
394 2232 434 2276 ex
462 2211 645 2276 rationibus
667 2211 828 2276 nonnullis
851 2212 994 2276 metricis
1023 2217 1056 2276 et
1088 2232 1128 2276 ex
1156 2217 1226 2276 toto
1250 2211 1297 2275 di-

161 2323 254 2387 cendi
278 2343 394 2405 genere
427 2322 540 2386 elucet.
586 2323 715 2400 Quanta
745 2329 854 2388 autem
880 2323 1049 2405 diligentia
1072 2323 1206 2406 Vergilii
1228 2343 1297 2386 ves-

159 2435 240 2516 tigia
277 2434 437 2518 presserit
475 2438 508 2497 et
551 2454 650 2515 quam
685 2433 788 2498 multa
826 2433 968 2516 Vergilio
1004 2434 1197 2518 deprompta
1235 2435 1297 2498 sibi
1397 2414 1401 2422 ”

162 2546 389 2630 assumpserit,
422 2545 577 2627 exemplis
608 2544 787 2615 subiunctis
819 2545 959 2610 videbis:
997 2567 1072 2610 nam
1103 2551 1136 2610 et
1164 2545 1299 2628 Vergilii

160 2677 289 2736 versuo,
322 2651 403 2740 quos
426 2657 573 2722 imitatus
597 2661 647 2721 est
668 2657 827 2736 Avienus,
859 2661 892 2720 et
915 2657 1030 2722 Aviani
1056 2657 1158 2740 ipsius
1187 2677 1298 2722 versus

163 2769 411 2851 composuimus.

246 2879 315 2944 Iam
352 2880 492 2964 primum
525 2886 612 2945 totos
647 2900 758 2944 versus
795 2884 828 2942 et
865 2878 1089 2960 hemistichia,
1120 2900 1204 2962 quae
1239 2885 1296 2945 aut

163 2990 283 3054 eisdem
319 2990 427 3055 verbis
460 2992 678 3056 terminantur
713 2996 771 3056 aut
809 2991 937 3055 omnino
975 2990 1135 3055 simillime
1169 2991 1298 3069 cadunt,

162 3102 296 3184 Vergilii
334 3102 534 3167 carminibus
561 3103 703 3167 Avienus
732 3102 949 3186 deprompsit,
989 3102 1081 3166 cuius
1109 3102 1299 3167 imitationis

166 3213 296 3295 egregia
317 3212 466 3296 exempla
488 3213 590 3278 habes
614 3214 712 3279 haec:

266 3323 287 3387 f.
312 3330 348 3403 5,
379 3331 414 3389 9:
448 3329 500 3388 ast
522 3325 579 3389 ubi
601 3326 757 3390 terribilis
779 3325 876 3390 mimo
891 3325 917 3410 2)
947 3326 1161 3391 circumstetit
1183 3326 1299 3390 horror

164 3561 276 3601 necesse
302 3553 345 3603 est
370 3551 523 3602 statuamus
550 3547 624 3602 vocis
651 3546 779 3602 ‘alterius’
803 3547 935 3617 syllabam
960 3547 1081 3602 ultimam
1108 3549 1178 3603 arsis
1204 3548 1230 3602 vi
1248 3550 1300 3603 hoo

163 3632 223 3686 loco
242 3633 374 3687 avianum
399 3631 570 3701 produxisse.
607 3632 752 3688 Praeterea
778 3642 808 3688 ut
831 3633 884 3688 hoo
902 3647 1076 3702 censeamus,
1105 3648 1303 3690 commoremur

161 3733 193 3775 ca
210 3733 250 3786 re,
269 3716 343 3785 quod
361 3719 389 3771 in
411 3718 461 3771 ‘us’
480 3716 588 3786 syllaba
605 3716 681 3772 finali
698 3716 769 3773 hanc
785 3719 992 3786 productionem
1011 3717 1149 3773 fabulator
1168 3719 1301 3787 adhibuit,

162 3817 224 3856 nam
242 3817 373 3860 caesurae
400 3817 511 3871 quoque
536 3802 562 3855 vi
589 3802 688 3858 nullam
716 3803 774 3858 fere
793 3802 874 3857 oliam
892 3803 1025 3872 syllabam
1043 3804 1164 3860 extendit
1191 3804 1244 3858 nisi
1273 3806 1301 3859 in

164 3889 214 3942 ‘us’
232 3897 382 3945 exeuntem.

232 3976 256 4042 1)
275 3973 310 4027 cf.
330 3973 491 4029 Fischerum
510 3974 544 4028 de
565 3973 690 4028 Phaedro
709 3973 821 4042 eiusque
838 3973 923 4028 fabul.
942 3974 1065 4043 prolusio
1083 3991 1107 4030 a.
1128 3977 1239 4045 174711.
1259 3979 1301 4050 53,

161 4075 201 4127 sq.
222 4064 250 4113 et
267 4059 487 4126 Lachmannum‚
515 4058 549 4112 de
578 4059 679 4113 sabulis
699 4059 795 4113 Aviani
815 4074 909 4128 opusc.
928 4061 970 4114 ed.
989 4060 1095 4115 Vahlen
1116 4062 1144 4116 lI
1162 4078 1189 4130 p.
1208 4066 1239 4115 ol
1261 4077 1292 4131 sq

231 4146 257 4210 2)
278 4145 369 4199 codd:
390 4146 496 4210 animm
515 4145 614 4200 ‘mimo'
632 4145 715 4200 lectio
733 4160 751 4199 a
768 4145 967 4213 Cannegietero
985 4146 1132 4215 restituta3
1149 4147 1199 4202 sed
1216 4148 1301 4215 magis

162 4247 195 4286 ea
214 4230 364 4285 emendatio
383 4231 480 4299 placet,
499 4231 980 4301 quamproposuits'chenkelius(1.
1002 4248 1025 4285 c.
1042 4249 1069 4300 p.
1088 4235 1140 4286 402
1157 4232 1221 4302 fin),
1241 4249 1301 4288 cum
