2910 4928
617 393 878 505 ‘²¹1

157 567 244 644 Quas
272 584 381 628 omnes
418 561 659 627 emendationes
690 561 820 626 omnino
847 560 1027 625 reiciendas
1058 581 1127 624 esse
1159 548 1303 625 censeo:

157 678 184 742 si
219 677 310 741 locus
346 673 468 739 nullam
508 673 664 737 offensam
699 672 800 738 hahet
829 672 1047 755 facillimeque
1083 672 1291 754 intellegitur,

156 787 236 852 nihil
261 792 312 851 est
332 785 539 863 mutandum,
571 784 628 849 sed
650 783 837 867 recipienda
858 784 956 849 lectio
979 783 1126 848 codicum
1150 785 1292 848 omnium

159 919 319 964 consensu
349 895 575 980 comprobata,
616 895 810 978 praesertim
840 917 912 960 cum
943 895 1063 979 optime
1093 915 1132 959 ea
1159 895 1192 958 in
1222 916 1292 959 sen-

157 1010 293 1075 tentiam
307 1008 463 1091 quadret3
485 1027 561 1070 nam
577 1026 649 1071 eam
670 1006 807 1088 figuram
827 1005 890 1070 hoc
909 1005 980 1070 loco
999 1005 1130 1071 admisit
1143 1007 1292 1085 Avienus,

159 1128 197 1185 ut
220 1119 400 1185 subiectum
425 1118 512 1201 quod
542 1117 655 1181 dicunt
680 1118 900 1200 grammatici,
930 1118 1051 1182 nonin
1073 1116 1294 1182 enuntiatione

158 1230 312 1315 generali,
336 1230 448 1294 sedin
471 1250 629 1312 suspensa
651 1228 834 1293 collocaret.

245 1342 391 1424 Denique
422 1343 455 1405 in
493 1341 629 1405 eandem
666 1341 825 1405 rationem
856 1340 972 1404 cadere
1007 1340 1135 1405 videtur
1164 1339 1294 1405 fabulae

159 1453 281 1517 XXVII
314 1474 426 1517 versus
456 1453 502 1531 X,
538 1453 629 1516 onius
659 1470 855 1534 quamquam
884 1471 904 1515 a
934 1451 1098 1534 plerisque
1128 1451 1294 1517 codicibus

158 1566 240 1629 haec
263 1564 369 1629 forma
391 1563 574 1628 exhibetur:

263 1696 329 1758 qua
351 1679 501 1758 coeptum
524 1674 663 1739 volucris
687 1675 895 1758 explicuisset
908 1676 933 1758 ¹)
954 1695 1044 1757 opus

160 1809 180 1849 a
199 1785 361 1850 nonnullis
383 1792 494 1850 tamen
520 1785 611 1849 libris
634 1786 697 1849 hae
719 1785 829 1850 variae
849 1785 1005 1850 lectiones
1029 1785 1293 1869 suppeditantur:

159 1897 193 1960 in
225 1896 335 1961 codice
364 1898 449 1961 enim
475 1896 671 1979 V(ossiano),
702 1897 758 1979 qui
783 1897 925 1980 optimae
946 1901 1044 1961 notae
1065 1903 1115 1962 est
1137 1898 1210 1980 (nec
1232 1919 1295 1960 non

159 2009 193 2071 in
214 2008 250 2086 B,
273 2008 329 2090 qui
351 2007 533 2072 recentiore
552 2013 698 2092 tempore
716 2015 870 2073 exaratus
893 2010 965 2092 est),
988 2013 1095 2073 exstat
1116 2028 1179 2072 non
1202 2009 1295 2091 ‘qua',

160 2118 218 2183 sed
246 2119 366 2202 ‘quae'3
397 2124 496 2201 atque
523 2119 555 2182 in
578 2119 689 2184 codice
713 2119 751 2199 P,
781 2120 837 2202 qni
867 2119 992 2203 etipse
1015 2119 1225 2185 summafide
1248 2120 1295 2184 di-

162 2251 244 2313 gnus
265 2235 331 2310 est,
355 2235 525 2295 exaratum
546 2230 698 2312 legimus:
721 2231 879 2310 ‘volucri',
908 2251 973 2295 non
996 2231 1163 2296 uolueris.
1208 2233 1295 2310 Quas

160 2342 356 2425 optimorum
383 2340 543 2405 librorum
570 2342 725 2406 lectiones
757 2342 842 2406 inter
871 2364 905 2408 se
935 2342 963 2406 si
991 2343 1294 2425 comparaverimus,

160 2452 256 2516 facile
279 2452 320 2517 ad
347 2472 418 2516 eam
442 2451 591 2517 ducimur
617 2453 815 2537 opinionem,
848 2458 885 2518 ut
913 2454 998 2518 hanc
1020 2475 1132 2518 versus
1158 2454 1295 2519 formam

162 2584 182 2627 a
204 2563 390 2630 Froehnero
412 2565 613 2648 propositam
635 2564 809 2648 genuinam
831 2565 932 2630 fuisse
954 2565 1165 2630 arbitremur:

265 2696 349 2758 quae
373 2683 523 2759 coeptum
546 2676 668 2740 volucri
692 2676 900 2760 explicuisset
924 2697 1021 2760 opus:

163 2807 261 2867 quam
273 2775 509 2868 posterioribus
531 2787 733 2870 temporibus
755 2787 916 2864 librarios,
939 2791 976 2852 ut
990 2787 1115 2853 hiatum
1134 2789 1295 2868 tollerent,

160 2898 195 2960 in
209 2918 281 2960 eam
297 2898 513 2979 quammaior
528 2897 686 2963 librorum
705 2919 783 2982 pars
801 2897 941 2976 exhibet,
964 2906 1184 2980 correxerunt,
1205 2901 1296 2965 cuius

163 3014 273 3072 tamen
307 3009 444 3090 vestigia
473 3008 505 3073 iu
536 3007 698 3074 nonnullis
727 3008 884 3073 librorum
911 3010 1123 3075 vetustiorum
1157 3017 1294 3077 exstant.

162 3120 205 3184 Et
230 3140 317 3197 sane,
340 3119 367 3183 si
390 3119 475 3184 hanc
497 3120 635 3185 formam
658 3119 910 3204 reposuerimus,
940 3121 987 3184 vis
1009 3121 1200 3205 pondusque
1223 3143 1295 3187 ora—

162 3231 243 3295 tioni
273 3230 420 3311 additur,
456 3252 531 3295 nam
560 3232 662 3296 multo
691 3232 821 3314 gravior
851 3237 950 3313 atque
980 3232 1087 3316 aptior
1116 3233 1193 3298 huic
1223 3234 1295 3298 loco

162 3343 190 3405 is
218 3346 268 3406 est
297 3363 418 3421 sermo,
455 3364 519 3425 quo
549 3342 724 3426 piudentia
752 3343 785 3407 in
815 3364 987 3426 personam
1018 3344 1235 3408 constituatur
1264 3352 1296 3409 et

162 3458 330 3535 tamquam
354 3475 453 3537 agens
475 3459 573 3537 atque
595 3474 648 3519 res
670 3455 841 3538 perficiens
861 3455 1043 3518 inducatur.

250 3565 370 3630 Verum
392 3587 478 3630 nunc
502 3570 706 3631 transeamus
732 3565 775 3630 ad
798 3586 869 3630 eam
892 3566 1050 3630 rationem
1073 3567 1242 3631 metricam
1263 3569 1296 3630 in

163 3678 278 3742 Aviani
301 3676 448 3741 versibus
473 3681 664 3754 exstantem,
687 3699 753 3760 qua
776 3677 956 3742 certissima
971 3677 1134 3742 conclusio
1158 3678 1197 3742 de
1221 3699 1296 3742 auc·

165 3900 273 3966 quentis
291 3901 364 3955 ferus
381 3915 490 3955 arenam
508 3900 575 3968 agit,
595 3914 675 3966 quam
693 3900 757 3956 illa:
775 3900 803 3953 in
823 3914 938 3968 corpora
958 3898 1059 3953 domini
1072 3905 1167 3954 ventus
1186 3915 1295 3954 arenam

164 3999 180 4038 a
200 3985 245 4040 it?

182 4001 199 4052 g
234 4073 259 4139 l)
276 4071 337 4125 Hoc
350 4072 512 4126 vocabulum
527 4077 684 4141 corruptum
699 4087 761 4128 esse
775 4069 906 4127 Aemilius
920 4071 1060 4127 Baehrens
1074 4072 1188 4140 censuit,
1205 4086 1297 4140 quum-

165 4172 245 4223 quam
263 4156 291 4209 in
309 4156 362 4210 hac
381 4175 412 4212 re
429 4158 516 4212 minus
535 4158 560 4212 ei
579 4158 722 4214 assentior.
