2910 4928
563 393 755 451 ..7-

93 567 211 641 matur,
229 561 309 625 nihil
320 582 340 624 a
351 559 443 625 libris
459 580 557 624 manu
569 558 712 623 exaratis
728 557 881 623 recedere
897 558 1043 640 duosque
1059 558 1132 624 illos
1152 582 1226 643 poe-

93 677 145 738 tas
157 678 310 738 accurate
320 671 518 755 distinguere
533 669 696 735 debemus.
713 669 863 734 Ceterum
872 669 969 733 etiam
983 669 1069 734 inter
1083 670 1227 736 rationes

93 784 246 848 metricas
276 788 309 848 et
338 783 448 848 stilum
478 802 589 846 eorum
615 785 743 845 tantum
770 780 943 845 intercedit
972 780 1160 861 discrimen,
1190 787 1228 846 ut

93 896 147 961 vix
169 895 275 978 possis
298 893 430 959 eredere
459 893 501 958 ab
531 913 595 957 uno
620 896 753 957 auctore
774 897 807 957 et
828 892 889 956 has
910 891 1039 957 fabulas
1060 891 1165 957 nudas
1189 914 1227 956 ac

94 1006 257 1090 simplices
278 1010 311 1070 ct
331 1005 475 1070 carmina
497 1004 555 1069 illa
577 1003 728 1070 sublimia
747 1007 845 1086 atquc
865 1003 1022 1068 altissime
1043 1003 1228 1068 incedentia

97 1137 167 1182 esse
190 1117 377 1199 composita.
423 1115 487 1181 Sed
515 1115 555 1180 de
577 1135 687 1180 eorum
717 1115 893 1194 sententia,
927 1114 983 1196 qui
1012 1135 1084 1179 cum
1107 1115 1227 1180 Avieno

96 1228 253 1292 Avianum
276 1226 499 1307 confuderunt,
523 1227 603 1292 satis
626 1227 730 1309 egisse
754 1225 848 1290 nobis
869 1224 1031 1306 videmur,
1062 1226 1228 1291 veniamus

95 1359 179 1403 nunc
209 1337 251 1402 ad
282 1359 393 1403 eorum
424 1337 545 1403 iudicia
557 1338 599 1422 ¹),
631 1337 686 1419 qui
710 1337 868 1402 Avianum
899 1334 940 1401 ab
964 1320 1084 1402 Avieno
1114 1342 1228 1420 aperte

96 1447 315 1514 discernentes
337 1470 403 1531 qua
424 1448 478 1513 ille
501 1447 600 1513 fuerit
623 1452 748 1528 aetate,
771 1448 954 1513 coniectare
977 1452 1226 1532 temptaverunt.

181 1561 287 1642 Atque
310 1559 557 1625 accuratissime
587 1560 627 1625 de
649 1559 765 1624 Aviani
794 1563 903 1624 aetate
925 1559 1049 1642 primus
1070 1560 1137 1643 egit
1159 1581 1228 1624 cer-

94 1671 297 1754 tioribusque
324 1671 393 1736 eius
413 1676 562 1754 tempora
586 1670 852 1736 circumscribere
878 1669 997 1736 finibus
1020 1675 1156 1735 conatus
1179 1676 1229 1734 est

95 1781 254 1846 Henricus
277 1782 498 1864 Cannegietcr,
523 1782 578 1864 qui
593 1781 828 1846 Antoninorum
849 1781 1051 1865 temporibus
1070 1782 1228 1846 Asianum

96 1892 281 1975 assignavit.
326 1893 420 1957 Hanc
452 1897 561 1957 autem
592 1893 786 1957 sententiam
818 1892 915 1958 certis
947 1893 1145 1976 argumentis
1174 1893 1229 1956 fir-

94 2024 201 2068 masse
223 2002 439 2069 doctissimns-
455 2003 510 2068 ille
532 2004 581 2069 vir
605 2003 667 2068 sibi
689 2003 777 2069 visus
799 2009 863 2083 est,
893 2025 1031 2087 quorum
1053 2003 1140 2088 quo'd
1162 2025 1229 2068 mo·

94 2115 195 2179 menti
218 2115 334 2179 summi
357 2136 427 2180 esse
449 2120 560 2198 putat,
587 2115 829 2199 epraelatione
850 2115 893 2180 ad
915 2114 1130 2181 Theodosium
1153 2137 1228 2181 con-

95 2228 217 2310 scripta
242 2227 382 2309 repetiit.
428 2228 532 2305 Quam
555 2247 628 2290 cum
649 2227 698 2291 ita
718 2227 898 2293 instituerit
919 2228 1078 2309 Avianus,
1104 2233 1142 2292 ut
1164 2227 1229 2292 cla·

94 2339 296 2403 rissimorum
337 2336 523 2402 fabularum
557 2338 768 2421 scriptorum,
815 2339 871 2422 qui
906 2344 981 2404 ante
1018 2360 1091 2404 eum
1127 2339 1228 2419 fuere,

94 2449 225 2541 nomina
247 2448 397 2527 referret,
421 2470 531 2514 omncs
554 2448 610 2532 qui
632 2455 708 2514 ante
729 2470 799 2515 sese
822 2450 1022 2515 exstitissent
1044 2451 1229 2516 fabularum

95 2562 289 2644 scriptorcS,
315 2561 349 2624 in
376 2560 434 2625 illa
455 2561 659 2644 praefatione
682 2582 873 2627 enumerare
895 2561 1010 2626 Aviani
1032 2560 1132 2627 fuisse
1154 2583 1228 2627 con-

94 2672 201 2738 silium
230 2677 322 2736 ratus
352 2673 387 2736 in
414 2672 477 2736 hac
503 2693 539 2736 re
577 2674 737 2738 rationem
765 2672 948 2757 repperisse
974 2672 1062 2737 visus
1088 2672 1149 2738 sibi
1180 2679 1230 2738 est

96 2784 361 2866 Cannegieterus,
383 2803 448 2864 qua
470 2782 513 2846 ad
535 2783 651 2863 Ariani
672 2789 813 2849 aetatem
835 2783 1049 2848 definiendam
1072 2789 1228 2849 uteretur.

94 2894 216 2958 Montio
247 2893 331 2965 enim
361 2893 399 2956 fit
423 2913 442 2956 a
467 2893 628 2958 nonnullis
657 2894 870 2978 scriptoribus
899 2894 1020 2959 Titiani
1051 2894 1228 2976 cuiusdam,

95 3027 191 3088 quem
215 3004 345 3070 fabulas
368 3007 533 3088 Aesopcas
563 3005 629 3070 sive
659 3005 815 3090 apologos
844 3007 1063 3090 composuisse
1084 3006 1227 3071 tradunt.

95 3117 156 3194 Qui
179 3115 266 3198 quod
287 3116 321 3179 in
344 3115 460 3181 Ariani
480 3115 538 3180 illa
561 3117 701 3200 epistula
722 3139 786 3182 non
810 3117 963 3198 affertur,
992 3117 1082 3183 nulla
1105 3117 1228 3183 aliare

95 3227 251 3310 explicari
268 3247 363 3310 posse
377 3227 630 3310 Cannegieterus
646 3228 835 3308 arbitratur,
855 3229 917 3295 nisi
934 3228 961 3294 si
977 3235 1052 3314 post
1070 3230 1227 3295 Avianum

94 3339 242 3403 floruisse
266 3359 339 3402 eum
361 3338 550 3419 statuimus,
573 3359 648 3403 nam
670 3339 710 3404 de
731 3339 894 3406 industria
916 3342 957 3406 ab
982 3340 1104 3406 Aviano
1128 3341 1227 3406 Titia-

94 3471 170 3514 num
194 3469 265 3513 csse
291 3448 492 3532 neglectum,
521 3449 583 3513 hoc
613 3471 685 3514 eam
707 3449 749 3516 ob
771 3473 840 3517 rem
870 3453 998 3532 reiecit,
1029 3451 1116 3535 quod
1148 3453 1228 3516 satis

95 3562 201 3625 claras
230 3559 318 3644 apud
340 3560 502 3625 Romanos
531 3565 630 3643 atque
659 3562 737 3627 viris
764 3563 901 3629 eruditis
930 3564 1087 3648 probatas
1108 3562 1228 3626 Titiani

166 3735 191 3800 1)
210 3733 293 3787 Cuius
311 3731 392 3800 primi
411 3730 447 3786 de
463 3731 517 3785 hoc
541 3737 625 3800 poeta
643 3733 774 3787 iudicium
792 3739 882 3788 exstat
899 3734 1023 3790 Neveleti
1040 3734 1107 3788 haut
1124 3733 1163 3787 ita
1182 3733 1227 3786 be·

95 3819 221 3874 nevolum
241 3820 416 3884 amicumque
433 3824 484 3886 est,
503 3817 604 3886 quippe
623 3819 671 3886 qui
689 3818 822 3874 Asianum
839 3835 893 3874 non
912 3820 981 3875 tanti
1000 3819 1105 3886 lecerit,
1126 3819 1154 3872 in
1173 3834 1227 3886 quo

96 3903 261 3959 emendando
278 3904 390 3958 multum
409 3908 520 3972 tempus
533 3910 754 3961 consumereturz
771 3905 848 3960 illum
868 3904 939 3959 enim
957 3907 1139 3961 recentiorum
1157 3907 1227 3957 tem-

96 4005 192 4058 porum
215 4005 274 4044 esse
292 4004 381 4056 neque
400 3990 539 4058 exemplar
560 3990 707 4046 imitandae
726 3990 883 4046 Latinitatis
901 3990 1042 4059 praebere.
1078 3989 1152 4044 Idem
1170 3990 1228 4045 fere

95 4075 225 4128 iudicium
244 4082 326 4140 atque
344 4075 490 4131 Nevelctus
517 4075 550 4130 de
568 4077 672 4130 Aviano
689 4076 793 4145 Caspar
810 4076 942 4131 Barthius
960 4075 1028 4131 feeit
1044 4076 1191 4145 (adversar.
1211 4076 1228 4129 l.

95 4159 208 4228 xxvss,
226 4161 258 4223 4;
276 4159 410 4228 XXXIX,
428 4163 444 4213 7
464 4165 557 4228 et133
576 4163 614 4229 L,
632 4165 663 4230 73
683 4161 780 4230 XLVI,
800 4164 850 4231 16),
870 4179 930 4218 cum
948 4162 1097 4232 posteriori
1116 4162 1226 4218 saeculo

95 4263 155 4303 eum
172 4244 306 4300 tribueret
323 4245 449 4314 interque
467 4255 562 4315 poetas
581 4248 749 4303 Christianos
768 4254 932 4304 numeraret.
