2910 4928
624 390 840 452 ..59-

162 561 321 627 invenisse
345 557 496 622 affirmat.
542 556 709 636 Quomodo
726 560 836 621 autem
856 555 939 620 haec
962 553 1160 619 constructio
1184 552 1295 618 admo·

163 673 240 738 dum
261 672 345 736 mira
361 668 557 754 explicanda
577 669 629 749 sit,
650 668 737 734 idem
753 669 938 751 Draegerus
961 666 1096 746 addidit,
1121 689 1194 732 cum
1215 667 1297 733 talia

162 789 292 850 exstare
321 782 460 847 diceret:
498 780 666 865 ‘prohibeo
695 780 746 846 vel
777 779 930 859 cohibe0,
967 779 1030 860 ut’3
1059 799 1158 862 quam
1187 784 1296 844 tamen

161 899 361 962 structuram
390 892 590 958 rarissimam
621 911 691 957 esse
718 891 795 958 inde
825 896 979 976 apparet,
1017 890 1104 974 quod
1131 911 1196 955 non
1222 890 1296 974 plus

162 1007 228 1072 tria
248 1005 345 1071 huius
359 1004 487 1087 generis
503 1003 653 1087 exempla
673 1003 806 1083 invenit,
827 1025 965 1087 quorum
987 1025 1087 1068 unum
1103 1001 1191 1087 apud
1207 1002 1296 1068 Cice·

162 1138 289 1197 ronem,
319 1116 425 1182 altera
453 1115 517 1180 duo
548 1115 636 1199 apud
656 1115 798 1180 ineuntis
827 1114 949 1180 saeculi
978 1115 1088 1198 quarti
1110 1113 1295 1198 scriptores,

161 1229 379 1313 Capitolinum
400 1233 434 1293 et
453 1227 659 1308 Trebellium,
681 1232 820 1292 exstant

264 1341 356 1406 Haec
379 1344 455 1405 sunt
476 1340 634 1405 sermonis
653 1338 796 1423 propria,
818 1338 937 1422 quibus
952 1338 1032 1403 satis
1054 1336 1296 1405 demonstratur

162 1453 277 1518 seriori
299 1473 379 1517 aeuo
394 1451 555 1517 Avianum
574 1449 806 1534 assignandum
819 1470 889 1516 esse
911 1471 1016 1534 neque
1031 1449 1120 1516 ultra
1142 1455 1295 1534 quartum

161 1566 328 1630 saeculum
350 1562 421 1629 eius
442 1568 585 1628 aetatem
605 1563 698 1628 evehi
719 1582 824 1646 posse.

248 1677 301 1741 Ita
331 1675 484 1759 quoniam
515 1679 548 1740 et
583 1674 632 1741 rei
661 1674 818 1739 metricae
848 1678 882 1739 et
912 1675 1069 1740 sermonis
1097 1679 1164 1739 tam
1193 1675 1297 1740 multa

161 1792 279 1871 quarto
310 1787 488 1871 quintoque
517 1785 647 1852 saeculo
676 1785 812 1870 propria
838 1787 873 1850 in
897 1785 1012 1851 Aviani
1041 1786 1161 1852 fabulis
1189 1787 1296 1852 inesse

161 1899 339 1980 docuimus,
355 1904 393 1964 ut
406 1899 566 1983 superiori
584 1919 683 1982 quam
693 1903 811 1982 quarto
827 1897 959 1964 saeculo
972 1898 1189 1964 fabulatorem
1204 1899 1296 1964 illum

161 2011 341 2077 attribuere
348 2010 590 2094 prohibeamur,
606 2032 685 2076 num
693 2009 886 2076 certioribus
903 2009 1209 2094 angustioribusque
1224 2009 1294 2076 fini-

160 2122 221 2189 bus
244 2123 313 2188 eius
335 2127 478 2188 aetatem
498 2122 764 2189 circumscribere
779 2122 949 2206 possimus,
970 2121 1145 2188 videamus.
1190 2124 1295 2202 Quam

162 2234 205 2299 ad
226 2255 296 2299 rem
317 2234 367 2298 uti
387 2233 465 2298 licet
484 2233 665 2300 Theodosio
686 2234 753 2315 illo,
775 2233 934 2316 adquam
956 2232 1084 2300 fabulas
1107 2255 1183 2300 suas
1201 2234 1295 2299 Avia-

161 2366 223 2411 nus
247 2344 352 2425 misit3
374 2345 430 2427 qui
450 2345 523 2427 quis
544 2344 715 2412 habendus
736 2347 795 2426 sit,
817 2346 845 2411 si
864 2346 1089 2426 invenerimus,
1112 2367 1177 2430 quo
1198 2346 1298 2412 fuerit

159 2461 307 2540 tempore
338 2456 498 2536 Avienus,
527 2456 624 2522 facile
647 2457 833 2524 efficiemus.
877 2459 985 2541 Atque
1015 2458 1295 2526 considerantibus

159 2568 269 2648 nobis,
293 2588 377 2651 quae
401 2566 442 2633 de
464 2568 533 2633 viro
553 2568 609 2634 illo
628 2570 772 2636 Avienus
793 2571 864 2655 ipse
885 2569 1142 2654 praedicaverit,
1166 2591 1239 2636 eum
1261 2573 1295 2635 in

160 2684 300 2762 utroque
329 2679 515 2745 litterarum
545 2701 663 2764 genere
694 2682 727 2766 (i.
754 2703 781 2746 e.
810 2687 845 2747 et
871 2683 905 2746 in
926 2682 1073 2747 oratione
1095 2682 1240 2766 pedestri
1262 2687 1296 2747 et

159 2793 194 2855 in
221 2791 325 2874 poesi)
357 2791 484 2856 Atticos
513 2791 642 2857 Graeca
677 2792 859 2858 eruditione
892 2814 1048 2878 superare
1080 2799 1113 2858 et
1141 2794 1260 2859 Latina
1269 2795 1294 2877 ¹)

160 2903 337 2983 Romanos,
359 2923 424 2968 non
445 2903 556 2986 placet
577 2924 689 2969 eorum
712 2906 906 2971 sententiam
929 2905 1036 2989 sequi,
1068 2906 1125 2988 qui
1148 2906 1294 2972 Theodo-

160 3015 243 3080 sium
264 3015 495 3098 imperatorem
515 3015 606 3080 illnm
636 3015 736 3082 fuisse
763 3018 1011 3101 censuerunt2),
1042 3016 1101 3082 sed
1131 3019 1240 3101 potius
1260 3019 1294 3084 in

160 3147 272 3192 eorum
294 3130 406 3210 partes
428 3127 569 3192 transire
591 3128 760 3209 malumus,
782 3129 839 3212 qui
861 3129 902 3195 de
924 3128 1092 3194 Macrobio
1112 3129 1294 3196 Theodosio

160 3237 420 3303 Saturnaliorum
450 3244 584 3304 auctore
612 3241 853 3323 cogitaverunt,
885 3240 918 3304 in
948 3261 1044 3323 quem
1072 3240 1153 3305 illud
1179 3242 1294 3306 Ariani

158 3349 314 3414 iudicium
342 3349 463 3432 optime
493 3351 648 3416 convenit.
693 3353 783 3431 Quae
812 3352 974 3417 sententia
1001 3353 1029 3418 si
1054 3357 1146 3418 recta
1168 3359 1219 3419 est
1241 3355 1294 3437 (ac

158 3460 306 3545 proiecto
329 3462 504 3526 maximam
527 3483 567 3528 ea
588 3462 690 3529 habet
710 3463 987 3530 versimilitudinis
1010 3465 1181 3549 speciem),
1204 3465 1293 3531 haud

159 3573 226 3638 scio
257 3592 299 3637 an
329 3572 416 3637 inter
445 3574 561 3638 Aviani
590 3575 697 3640 locum
729 3575 831 3641 hunc:
868 3576 970 3659 praef.
1001 3577 1089 3641 init:
1119 3576 1293 3642 ‘dubitanti

159 3685 247 3764 mihi,
269 3683 431 3749 Theodosi
453 3685 589 3768 optime,
613 3687 765 3769 quoinam
786 3686 971 3772 litterarum
991 3688 1087 3753 titulo
1110 3690 1214 3754 nostri
1236 3711 1292 3754 no-

229 3915 386 3982 1)Lstina:
403 3921 474 3970 teste
492 3914 654 3971 Schenkelio
674 3919 700 3988 (l.
719 3934 742 3972 e.
760 3935 787 3987 p.
807 3920 859 3972 399
877 3918 957 3988 med.)
978 3918 1039 3974 cod.
1057 3920 1292 3988 llindobonensis3

159 4005 222 4055 cett.
240 4001 329 4055 codd:
347 4000 507 4071 Latinitate,
526 4017 596 4071 quse
614 4003 695 4058 lectio
713 4005 800 4060 minus
818 4007 846 4058 in
865 4007 1026 4062 sententiam
1045 4005 1170 4072 quadrat.
1277 4018 1278 4021 ’

228 4088 253 4154 2)
272 4085 360 4141 Lilius
377 4087 512 4156 Gyraldus
530 4095 557 4143 et
575 4091 622 4156 qui
640 4106 701 4144 eum
719 4098 887 4158 sequentum
905 4092 947 4146 cui
966 4092 1118 4146 sententiae
1134 4093 1163 4146 id
1182 4107 1292 4160 quoque

158 4172 259 4241 obstat,
278 4171 351 4240 quod
370 4173 519 4228 ‘Theodosi
532 4175 643 4242 optime'
661 4176 747 4232 virum
762 4176 838 4235 illurn
856 4182 941 4252 poeta
952 4177 1087 4239 allocutus
1101 4171 1150 4255 e'st,
1169 4178 1198 4234 id
1217 4179 1291 4254 quod

156 4257 317 4329 imperatori
336 4258 427 4314 dicere
444 4260 532 4314 minus
550 4260 678 4323 decuerit.
