2910 4928
700 375 914 436 ..53-

243 546 296 605 tus
319 540 360 604 de
382 561 480 605 manu
501 540 631 623 linguae
649 562 741 606 meae
761 541 921 607 confessio
942 532 1015 606 ista³
1029 543 1230 627 procederet,
1253 545 1294 608 de
1309 567 1383 610 mu-

242 653 375 717 neribus
396 652 499 736 ipsius
519 653 674 736 ingenioli
700 655 764 718 mei
784 654 888 719 eidem
909 654 1038 739 adipem
1060 654 1207 736 litarem,
1236 662 1274 722 ut
1296 678 1383 722 nun-

243 784 342 846 quam
370 762 436 828 stili
466 785 547 830 cura
574 764 614 829 de
645 764 862 831 saecularium
891 787 1000 832 rerum
1027 771 1162 832 ventosa
1187 768 1384 832 executione

242 874 427 954 lanaretur,
460 875 602 959 reliquas
631 877 747 957 etiam,
769 876 887 959 quibus
918 878 1097 962 sugillabar
1125 879 1298 944 foeditates
1320 879 1382 943 ab·

244 1007 394 1067 nuerem,
425 987 453 1052 si
474 991 584 1052 tamen
605 987 691 1071 ipss,
721 987 808 1071 quod
829 988 920 1072 loqui
941 989 1127 1072 inspiravit,
1156 990 1237 1055 velle
1258 1010 1309 1054 me
1332 989 1382 1055 fa-

245 1098 330 1163 ciat’
373 1100 443 1164 Iam
473 1098 556 1164 haec
584 1100 801 1179 constructio,
837 1121 921 1183 quae
954 1101 1067 1183 quinto
1099 1103 1230 1166 saeculo
1258 1107 1383 1166 novata

243 1210 372 1276 videtur
404 1232 490 1291 esse,
519 1211 618 1295 paulo
647 1211 849 1295 frequentior
878 1212 1041 1277 invenitur
1069 1213 1157 1297 apud
1183 1214 1382 1278 Venautium

245 1322 470 1402 Fortunatum,
494 1323 622 1406 quibis
644 1323 725 1388 locis
747 1343 819 1388 eam
840 1324 1026 1407 usurpavit:
1048 1325 1105 1403 ΙΙΙ,
1127 1330 1157 1404 4,
1180 1330 1198 1390 3
1222 1324 1271 1390 ed.
1295 1325 1381 1390 Leo:

244 1433 418 1511 credebam
430 1483 518 1498 .....
531 1433 680 1500 fluxisset
702 1435 808 1500 oratio
828 1434 926 1518 spiris
944 1435 1135 1501 intertexta:
1159 1437 1196 1515 V,
1223 1440 1249 1515 l,
1274 1441 1309 1500 1:
1331 1437 1381 1501 in-

244 1544 530 1611 dicans....deus
557 1546 739 1630 plantasset
768 1546 928 1631 Elysium,
965 1548 999 1612 in
1033 1569 1097 1631 quo
1128 1547 1245 1612 fortior
1273 1546 1382 1613 Adam

245 1656 404 1722 ...ditior
426 1656 565 1739 viveret3
587 1657 624 1735 V,
654 1662 701 1736 14,
727 1663 783 1723 13:

347 1789 383 1833 sa
404 1767 544 1834 voluisse
566 1768 646 1834 dare
668 1775 701 1834 et
721 1770 867 1834 iurantes
889 1769 1002 1835 ordine
1023 1774 1125 1836 testes

346 1881 476 1945 nomine
500 1901 660 1964 quemque
681 1886 804 1960 tenens,
826 1902 887 1947 neo
907 1883 1068 1965 potuisset
1090 1903 1204 1965 egens,

245 1991 285 2072 X,
308 1997 336 2071 3,
358 1998 395 2058 4:
417 1999 586 2076 sperantes
600 2043 607 2057 .
621 2044 628 2057 .
642 2043 649 2058 .
662 2043 670 2058 .
683 1993 724 2057 de
740 1997 848 2058 vestro
863 1993 1011 2058 caritatis
1027 1992 1148 2058 affectu
1159 1993 1381 2059 humilitatem

245 2108 390 2168 nostram
402 2153 492 2170 .....
506 2105 753 2186 commendetis3
776 2106 830 2170 vit.
855 2104 886 2169 S.
909 2104 1039 2169 Martia.
1061 2105 1115 2184 IV,
1139 2110 1218 2171 289:

347 2215 524 2298 respondit,
547 2218 599 2282 cui
622 2238 701 2282 cura
725 2217 788 2283 fuit
812 2216 984 2281 commissa
1004 2216 1160 2294 minister,

348 2348 382 2392 se
404 2333 475 2393 toto
496 2328 643 2412 piscante
667 2329 719 2394 die
743 2334 881 2413 captura
901 2347 1038 2411 negasse

347 2439 454 2524 (codd.
479 2440 505 2504 B
528 2445 562 2505 et
582 2441 624 2506 L:
644 2443 817 2525 negasset).

245 2551 342 2616 Cuius
355 2548 605 2618 constructionis
626 2553 721 2618 initia
742 2574 763 2618 a
784 2552 995 2635 promittendi
1006 2551 1246 2636 pollicendique
1268 2553 1378 2618 verbis

244 2663 394 2748 profecta
412 2664 564 2729 videntur
588 2664 663 2729 inde
687 2665 844 2747 originem
863 2664 1020 2743 traxisse,
1048 2663 1135 2746 quod
1157 2663 1208 2727 bis
1231 2665 1379 2728 enuntia-

243 2776 350 2841 tiones
380 2776 618 2842 condicionales
655 2778 843 2861 saepissime
881 2776 1073 2841 subiunctas
1110 2781 1200 2855 sunt,
1239 2797 1379 2858 quarum

245 2889 454 2954 construendi
474 2888 581 2954 forma
603 2889 684 2954 adeo
714 2888 823 2954 valida
845 2889 1013 2972 scriptoris
1034 2889 1068 2952 in
1091 2889 1198 2953 animo
1221 2894 1309 2967 erat,
1340 2893 1379 2953 ut

245 3001 344 3064 etiam
365 3000 589 3084 insequentem
612 3001 863 3066 enuntiationem
888 3001 922 3064 in
940 3001 1026 3065 hanc
1043 3001 1180 3065 formam
1204 2999 1376 3082 redigeret.

331 3110 478 3177 Alteram
500 3118 607 3177 autem
631 3133 742 3178 earum
765 3113 1051 3191 constructionum,
1075 3112 1116 3176 de
1139 3111 1256 3196 quibus
1278 3131 1378 3193 supra

246 3224 581 3304 commemoravimus,
610 3223 769 3290 babemus
801 3224 839 3301 in,
863 3223 995 3289 fabulae
1025 3224 1134 3288 XXIX
1158 3245 1253 3288 versu
1282 3222 1377 3286 XXI:

348 3335 431 3414 nolo,
455 3336 511 3415 ait,
534 3341 571 3400 ut
590 3337 710 3401 nostris
731 3358 876 3419 unquam
898 3336 1092 3401 successerit
1113 3335 1225 3414 antris,

347 3458 416 3512 tam
439 3448 568 3514 diversa
590 3447 655 3514 duo
677 3448 734 3530 qui
756 3449 851 3513 simul
874 3468 932 3513 ora
954 3448 1057 3527 ferat,

246 3580 285 3623 ea
307 3559 392 3623 enim
420 3564 602 3640 structura,
633 3581 698 3643 qua
728 3581 748 3624 a
770 3559 869 3625 verbo
900 3560 993 3624 ‘nolo’
1016 3558 1199 3624 coniunctio
1222 3557 1276 3621 ‘ut'
1300 3561 1378 3638 apta

245 3676 304 3750 est,
324 3675 391 3736 tam
403 3693 487 3737 nova
499 3676 549 3736 est
563 3677 662 3754 atque
677 3671 834 3750 inaudita,
850 3676 888 3735 ut
898 3671 1083 3753 Draegcrus
1095 3669 1182 3753 (hist.
1196 3668 1284 3751 Synt.
1300 3667 1377 3749 Hp.

245 3787 306 3849 249
315 3782 412 3866 med.)
425 3803 496 3848 eam
507 3784 644 3849 inveniri
657 3786 762 3866 neget.
789 3782 910 3846 Verum
923 3786 1087 3846 extremae
1095 3777 1283 3843 Latinitatis
1296 3783 1377 3842 tem-

244 3894 379 3977 poribus
407 3894 465 3959 illa
495 3895 692 3960 constructio
723 3893 864 3973 exstitit;
895 3897 992 3975 atque
1018 3891 1081 3954 hac
1111 3911 1163 3967 re,
1192 3910 1257 3971 qua
1278 3890 1378 3954 fuerit

243 4005 409 4071 fabulator
431 4006 485 4070 ille
508 4010 626 4085 aetate,
649 4004 905 4083 demonstratur3
930 4024 1005 4066 nam
1027 4002 1213 4084 Draegerus
1235 4003 1377 4066 omnium

245 4118 457 4200 scriptorum,
482 4118 538 4199 qui
560 4116 726 4198 usquead
748 4113 913 4180 saeculum
936 4120 1088 4197 quartum
1111 4114 1214 4179 iniens
1237 4114 1377 4192 fuerunt,

243 4229 343 4302 libros
366 4228 543 4322 perlegisse
573 4249 608 4296 se
630 4247 734 4317 neque
757 4232 868 4291 tamen
890 4227 991 4297 ullum
1013 4227 1101 4294 illius
1124 4227 1171 4293 rei
1194 4224 1375 4310 exemplum
